2648 4800
455 427 712 494 GdLlGULd.
1066 435 1107 496 25

54 554 220 635 navibus,
238 570 270 621 et
281 550 399 620 ordine
410 551 538 646 duplici
549 553 594 621 ad
604 576 745 622 ancoras
758 554 943 639 collocatis,
959 555 1110 649 superje-

55 679 182 758 ctoque
196 686 317 755 aggere
328 679 480 743 terreno,
496 687 537 729 ao
552 660 680 731 directo
695 665 731 730 iu
747 667 863 756 Appiae
879 668 941 733 viae
954 666 1108 733 formam.

53 780 122 841 -Per
143 774 236 842 huuc
256 793 395 867 pontem
417 773 506 841 ultro
530 776 614 840 citro
637 779 856 859 commeavit,
880 775 986 846 biduo
1008 781 1112 846 conti-

56 888 169 968 neuti3
180 887 291 979 primo
304 883 358 951 die
370 882 544 975 phalerato
556 906 662 976 equo,
675 887 883 979 insignisque
894 910 1045 980 quernea
1059 911 1112 955 co

57 1020 160 1079 rona,
175 1013 210 1064 et
222 1005 361 1077 caetra²,
374 1012 408 1062 et
418 993 546 1088 gladio,
558 1019 729 1093 aureaque
743 994 937 1090 chlamyde3
950 996 1112 1090 postridie

58 1107 275 1204 quadrigario
284 1105 678 1200 habitu³,curriculoque
688 1104 1113 1203 bijugifamosorumequo

58 1216 175 1300 rum4,
187 1241 258 1310 prae
272 1241 308 1284 se
322 1217 432 1284 ferens
448 1219 587 1284 Darium
599 1240 745 1308 puerum
757 1242 797 1294 ex
813 1218 1012 1285 Parthorum
1026 1218 1113 1285 obsi-

58 1328 179 1411 dibus3
202 1332 382 1397 comitante
399 1330 681 1421 praetorianorum
699 1331 850 1420 agmine,
868 1346 902 1396 et
916 1332 952 1396 in
966 1329 1112 1398 ⁵essedis

59 1438 202 1506 cohorte
215 1440 412 1505 amicorum.
427 1440 519 1520 Scio,
539 1436 722 1531 plerosque
738 1442 962 1520 existimasse,
976 1439 1080 1507 talem
1093 1465 1114 1507 a

58 1550 140 1617 Caio
160 1566 299 1642 pontem
322 1551 547 1641 excogitatum
568 1547 783 1617 aemulatione
803 1553 938 1632 Xerxis,
964 1552 1021 1645 qui
1043 1574 1113 1617 uon

60 1662 135 1726 sine
159 1657 381 1727 admiratione
402 1658 577 1754 aliquanto
602 1663 830 1753 augustiorem
856 1660 1113 1752 Hellespontum

55 1768 347 1854 ⁴contabulauerit3
359 1770 459 1851 alios,
477 1787 515 1838 ut
527 1774 742 1838 Germaniam
758 1789 791 1838 et
807 1774 1027 1852 Britanniam,
1040 1774 1115 1865 qui·

61 1881 127 1949 bus
145 1881 359 1963 imminebat,
373 1879 515 1975 alicujus
532 1884 686 1949 immensi
705 1887 817 1974 operis
832 1883 922 1950 fama
937 1885 1113 1949 territaret.

61 1993 128 2063 Sed
150 2017 253 2060 avum
279 2016 394 2061 meum
419 2007 613 2060 narrantem
641 2016 727 2084 puer
753 1992 947 2074 audiebam,
978 2015 1116 2058 causam

61 2104 175 2196 operis
188 2102 231 2170 ab
243 2101 458 2170 interioribus
473 2099 591 2168 aulicis
603 2100 787 2190 proditam,
807 2100 899 2195 quod
916 2099 1116 2192 Thrasyllus

60 2301 216 2373 persuasit,
230 2313 260 2353 ut
273 2318 366 2353 sensus
379 2301 435 2353 sit:
453 2300 531 2352 Baias
543 2307 569 2349 et
652 2314 675 2347 a.
697 2297 862 2370 Iosiqm'sque
877 2315 988 2368 quemea
1004 2313 1115 2361 corona,

62 2377 227 2431 Puteolanas
245 2377 334 2444 moles,
353 2397 434 2449 super
452 2377 570 2430 medium
614 2386 639 2426 et
659 2385 744 2427 coetra.
769 2375 897 2428 Dedimus
917 2395 1031 2448 qucrnea
1055 2394 1116 2427 cum

62 2455 232 2511 intervallum
247 2469 329 2529 ponte
343 2471 440 2526 strato,
459 2461 570 2530 conjun-
613 2455 715 2506 Ernest.
737 2469 761 2507 et
780 2454 957 2525 Oudendorp.
975 2475 1026 2527 pro
1039 2474 1116 2530 quer-

62 2540 111 2590 xit.
126 2538 158 2591 Id
171 2557 354 2605 sanaverunt,
368 2542 569 2611 scriptoressae-
614 2534 677 2586 cita.
701 2536 794 2587 Postea
815 2547 923 2586 auctore
944 2532 1038 2586 eodem
1058 2536 1117 2586 Ou-

63 2620 124 2689 pius
135 2618 224 2669 minus
234 2633 358 2671 accurate
368 2619 497 2685 seribere,
505 2618 568 2670 dum
613 2612 744 2687 dendorp.
758 2617 895 2668 omisimus
909 2614 988 2666 verba
1002 2627 1027 2667 et
1037 2616 1118 2669 securi

62 2696 186 2748 brevitati
198 2697 276 2748 nimis
288 2696 420 2749 studeant.
432 2697 569 2765 Ceterum,
614 2707 676 2746 ante
687 2708 712 2748 et
724 2706 808 2749 caetra.
827 2699 929 2748 Desunt
940 2689 1011 2746 enim
1022 2698 1049 2746 in
1061 2695 1118 2766 ple-

64 2794 133 2847 opus
145 2774 273 2827 describit
290 2779 354 2842 Dio,
371 2778 444 2844 LIX,
463 2795 509 2848 17,
524 2781 569 2850 qui
613 2774 701 2846 risque
727 2773 813 2827 Codd.
836 2789 895 2826 orta
913 2773 986 2825 baud
1003 2774 1118 2828 dubiee

64 2859 134 2908 inter
153 2855 251 2908 Baulos
272 2870 299 2908 et
319 2857 461 2925 Puteolos,
481 2862 568 2930 spatio
614 2855 706 2904 vitiosa
720 2858 847 2926 scriptura
857 2856 929 2906 voris
941 2854 1066 2907 coetravel
1076 2873 1118 2906 ee·

64 2936 150 2988 XXV!
168 2934 329 3002 stadiorum,
345 2939 362 2988 i,
376 2957 400 2988 e.
416 2940 496 2989 [rium
509 2937 568 2990 mil.
615 2944 667 2999 tra,
678 2937 721 2986 cui
730 2937 789 3006 quis
797 2936 886 2987 notius
895 2933 1052 2986 vocabulum
1060 2933 1119 2987 sub-

64 3014 131 3065 lium
142 3026 170 3065 et
182 3013 237 3066 600
247 3015 303 3065 fero
316 3033 444 3085 passuum
458 3029 569 3086 pontem
614 3015 715 3074 stituit;
731 3016 964 3083 prastermeeurb
979 3028 1005 3065 et
1017 3013 1119 3087 qladias

65 3112 122 3146 esse
134 3093 237 3144 laetum
249 3105 373 3158 testatur,
383 3091 532 3159 μιταξιὶτὸι
542 3114 568 3145 rr
614 3089 687 3142 haud
704 3091 773 3143 bene
788 3095 816 3143 iu
833 3092 928 3144 eodem
941 3094 1120 3158 conveniunt,

66 3168 200 3224 novariam
215 3170 255 3222 ui
265 3173 311 3224 seir
320 3170 423 3225 Baiter·
434 3171 514 3225 Bauli
523 3192 569 3226 au·
615 3189 702 3241 neque
715 3185 876 3224 memoratur
887 3173 981 3224 securas
993 3191 1007 3224 a
1022 3173 1117 3226 Dione.

67 3263 136 3317 tem,
145 3262 176 3300 ut
182 3250 267 3300 Tacit.
279 3249 374 3303 Annal.
385 3253 454 3317 XIV,
464 3251 495 3317 4,
506 3251 570 3303 «vil-
650 3251 676 3303 3.
690 3251 862 3327 Quadriqario
873 3252 969 3303 babitu.
980 3253 1051 3323 Lips.
1062 3271 1120 3305 mu-

67 3330 97 3381 lte
107 3348 223 3395 nomen,
232 3349 291 3401 quae
301 3335 513 3402 promontorium
523 3334 570 3383 Mi·
616 3332 680 3382 tavit
690 3332 860 3404 quadriparii.
872 3330 924 3382 Sed
932 3333 1032 3384 Noster
1040 3335 1118 3385 etiam

67 3427 160 3460 senum
180 3410 250 3459 intor
271 3422 297 3460 et
317 3411 444 3462 Baianum
467 3410 569 3476 lacum,
616 3410 1118 3483 cap.9dicebatmaoipuluriohabitu.

67 3485 133 3539 flexo
154 3487 224 3536 mari
243 3485 394 3554 alluitur,»
418 3489 489 3543 unde
512 3493 569 3544 0u-
651 3492 678 3558 4.
699 3489 1120 3563 Curriculoque....famosorum

66 3565 199 3635 dendorp.
208 3565 243 3616 ob
253 3565 359 3619 brevius
369 3573 498 3640 spatium,
511 3590 572 3641 pas-
616 3589 757 3644 equorum,
766 3585 817 3622 etc·
828 3573 868 3622 De
878 3570 918 3624 his
926 3570 1050 3623 omnibus
1059 3573 1121 3638 Dio,

68 3662 144 3696 suum
155 3662 268 3696 numero
279 3664 293 3697 a
306 3646 432 3700 Suetonio
442 3649 506 3700 dato
517 3669 572 3701 ma·
616 3649 668 3700 lor.
682 3651 726 3702 eit.
743 3650 915 3702 liecentiores
925 3651 1067 3718 scriptores
1074 3648 1120 3720 fa·

68 3724 571 3792 &convenienassaotommhoc1000
616 3747 717 3779 morum
743 3748 793 3800 pro
815 3727 910 3782 celebri
930 3730 956 3778 in
980 3741 1121 3799 utramque

70 3816 161 3854 nostro
171 3802 274 3868 mallet,
285 3824 335 3875 pro
346 3807 479 3858 Baiarum.
494 3808 570 3859 Conf.
619 3820 721 3877 partem
737 3807 841 3873 dicere,
858 3823 960 3860 veteres
972 3808 1013 3857 vix
1030 3804 1120 3871 aliter,

70 3879 178 3952 loseph.
189 3881 264 3945 XlX,
278 3901 298 3933 r.
310 3914 345 3922 -
355 3885 455 3956 Aqyere
464 3898 572 3938 terreno.
618 3905 697 3956 quam
704 3889 732 3936 in
740 3886 835 3937 malam
844 3927 852 3954 ‚
862 3888 965 3938 monuit
976 3883 1075 3936 Duker.
1087 3884 1120 3935 ad

72 3961 109 4011 Al.
123 3973 213 4013 unco.
227 3960 305 4012 Couf.
318 3962 442 4014 Oudend.
455 3965 487 4015 ad
502 3964 572 4016 hunc
618 3964 688 4015 Flor.
699 3968 749 4030 lll,
763 3983 792 4034 7,
803 3963 827 4015 6.
914 4025 926 4039 .

73 4040 176 4108 locum,
191 4054 216 4092 et
229 4041 374 4094 Taseltuelr.
391 4043 423 4094 ad
443 4045 571 4114 Pompou.
654 4046 677 4097 5.
710 4047 742 4095 Iu
763 4045 852 4098 essedis
871 4064 919 4115 pro
939 4048 965 4094 in
987 4042 1070 4095 essedo
1090 4061 1121 4093 ex

74 4119 132 4173 ⁵¹0¹·
144 4123 171 4183 lo
183 4139 215 4190 9,
228 4121 254 4187 4·
619 4127 703 4177 Dione
719 4126 903 4178 adstruxerunt
918 4121 987 4173 (iud.
1001 4136 1027 4173 et
1037 4123 1126 4175 wolf„
