2648 4800
229 416 247 493 l
604 409 641 473 o.
667 407 902 473 suaroun

227 562 306 606 mox
325 537 491 620 devict07,
506 534 736 628 triumphavit.
751 535 879 603 Consul
895 533 1016 602 deinde
1030 536 1173 604 iterum⁸
1192 563 1284 607 crea·

227 671 296 735 tus,
319 674 359 717 ac
379 652 474 742 prius
493 671 596 742 quam
617 647 783 715 honorem
804 650 922 728 iniret,
943 646 987 714 ad
1009 649 1283 742 componendum

226 765 372 831 Orientis
393 777 518 854 statpm
537 758 715 852 expulsuS,
736 752 843 855 quum
858 754 1025 827 ilrmeniae
1041 764 1175 852 regem⁹
1192 748 1284 835 devi-

227 878 341 956 cisset,
354 869 601 965 Cappadociam
614 873 648 937 in
662 874 844 964 provinciae
856 871 1000 938 formam
1012 872 1213 965 redegisset,
1226 899 1285 942 an-

227 1009 311 1052 num
329 983 435 1050 aetaus
452 1005 555 1072 agens
571 996 732 1075 quartum
745 997 778 1047 et
792 983 1000 1049 tricesimum
1019 980 1150 1050 diutino
1162 983 1284 1052 morbo

262 1199 288 1251 7.
307 1181 387 1232 Hoste
399 1198 460 1231 mox
471 1177 580 1230 devicto.
591 1177 632 1229 cf.
645 1179 730 1230 Tacit.

225 1259 320 1311 Annal.
332 1261 358 1324 1,
372 1257 406 1309 50
418 1276 475 1328 seq.
484 1285 521 1296 ·-
532 1256 730 1329 Triumplravit5

225 1357 288 1390 anri.
310 1353 370 1406 770.
392 1337 477 1386 Tacit.
498 1332 594 1385 Annal.
615 1338 657 1402 ΙΙ,
678 1335 729 1400 41:

228 1417 280 1467 «C.
301 1414 419 1480 Caecilio,
439 1414 469 1463 L.
486 1413 635 1483 Pomponio
654 1412 730 1464 Coss.

226 1497 399 1548 Germanicus
413 1493 500 1544 Cacsar
519 1511 543 1543 a.
563 1491 590 1544 d.
606 1493 652 1543 vlt
671 1491 729 1544 Kal.

225 1577 317 1627 lunias
341 1570 513 1642 triumphavit
535 1571 568 1622 de
591 1570 731 1623 Cheruscis

225 1656 362 1724 Cattisque
382 1665 408 1703 et
424 1651 601 1718 Angrivariis,
621 1669 731 1720 quaeque

227 1735 282 1785 alia·
294 1734 415 1784 nationes
431 1728 563 1800 usquead
581 1727 668 1779 Albim
684 1748 732 1780 co-

225 1812 299 1875 lunt;
315 1824 390 1863 vecta
408 1809 507 1881 spolia,
523 1810 634 1879 captivi,
651 1811 732 1861 simu·

225 1888 298 1947 lacra
311 1895 456 1956 montium,
471 1890 622 1955 lluminum,
632 1888 733 1960 pra-lio·

226 1993 304 2024 rum:
327 1970 497 2040 bellumque,
517 1970 578 2038 quia
600 1967 732 2019 conticere

224 2054 377 2126 prohibitus
389 2065 458 2118 erat,
469 2069 517 2122 pro
529 2051 653 2101 conlecto
665 2051 733 2101 acci·

225 2134 359 2206 piebatur,
377 2144 426 2182 etc.
438 2155 449 2177 ι
467 2130 507 2182 Cf.
526 2127 592 2180 Vell.
609 2131 649 2194 ll,
667 2144 732 2196 ¹29;

227 2213 336 2278 Strabo,
346 2215 405 2279 Vll,
422 2216 444 2276 ι,
457 2208 470 2278 §
483 2210 499 2261 3
510 2222 536 2259 et
546 2208 570 2274 4.

251 2284 288 2343 ’8.
302 2288 425 2341 Consul...
438 2289 532 2336 iterum
546 2296 658 2350 creatum
670 2304 731 2337 ann.

227 2385 289 2439 771.
311 2368 395 2417 Tacit.
416 2363 512 2414 Annal.
530 2365 570 2430 ll,
585 2364 620 2415 ’53
636 2385 641 2413 :
664 2364 734 2414 «Se-

228 2464 313 2517 quens
324 2461 409 2494 annus
418 2440 553 2492 Tiberium
565 2442 655 2502 tertio,
666 2439 734 2491 Ger·

170 2534 173 2541 '
227 2526 362 2577 manicam
377 2524 472 2572 iterum
484 2516 612 2570 Consules
625 2518 732 2569 babuit:

228 2604 342 2658 sedeam
351 2602 480 2652 honorem
492 2599 734 2649 Germanicusiniit

227 2683 301 2757 apud
320 2681 413 2734 urbem
434 2679 538 2730 Achaia
559 2676 733 2749 Nicopolim,

228 2784 282 2837 quo
301 2774 408 2815 venerat
426 2779 474 2830 per
492 2757 621 2829 lllyricam
642 2777 732 2824 oram,

228 2847 285 2896 viso
311 2846 391 2894 fratre
413 2839 520 2902 Druso,
548 2840 576 2889 in
601 2837 733 2890 Dalmatia

229 2935 355 2992 agenten
372 2948 408 2958 -
423 2919 462 2970 Ac
475 2917 587 2989 prius...
603 2915 732 2990 equlsus.

228 2986 312 3051 Tacit.
326 2996 423 3050 annal.
436 2998 474 3060 ll,
488 2994 519 3046 5:
534 2997 677 3046 uCeterurn
690 2997 734 3046 Ti-

228 3063 389 3131 beriobaud
406 3078 536 3144 inqratum
552 3073 661 3140 accidit,
677 3089 734 3125 tur·

228 3158 285 3209 buri
295 3166 335 3208 res
345 3157 476 3215 Orientis3
488 3167 517 3203 ut
530 3171 560 3204 ea
571 3156 658 3224 specie
669 3156 733 3207 Ger-

230 3238 361 3289 manicum
377 3235 458 3284 suetis
471 3232 621 3303 legionibus
634 3231 734 3285 abstra-

229 3317 322 3382 heret,
336 3316 466 3385 novisque
485 3314 628 3384 provinciis
647 3315 734 3384 irnpo-

229 3399 325 3460 situm,
338 3394 401 3444 dolo
414 3392 491 3443 simul
505 3405 531 3441 et
543 3390 649 3443 casibus
660 3393 734 3464 obje-

229 3488 344 3526 ctaret.»
372 3472 469 3522 Missus
495 3483 535 3521 est
560 3471 734 3523 Germanicus

228 3572 291 3606 anu.
305 3568 372 3622 770,
385 3551 472 3602 statim
484 3561 547 3620 post
559 3549 732 3620 triumphum.

228 3635 313 3686 Tacit.
330 3628 426 3681 burral.
443 3631 481 3694 ll,
498 3628 548 3694 43,
570 3630 667 3681 «Tunc
686 3629 734 3682 de·

227 3724 301 3762 creto
316 3712 421 3759 Parrum
434 3709 565 3777 permissae
575 3707 733 3760 Germanico

226 3791 389 3862 provincia,
410 3806 465 3857 quae
486 3787 552 3837 mari
572 3787 734 3855 dividuntur,

226 3875 366 3941 majusque
386 3867 544 3936 imperium,
562 3886 671 3938 quoquo
687 3869 734 3921 ad-

226 3954 305 4016 isset,
317 3946 458 4020 quambis,
470 3948 514 4017 qui
522 3961 591 3998 sorte
600 3963 645 4000 aut
653 3952 733 4002 missu

184 4024 190 4051 '
227 4030 355 4099 Principis
371 4026 551 4095 obtinerent.»

259 4121 289 4175 9.
311 4108 398 4179 erum
412 4106 544 4160 Annenioe
560 4125 644 4182 repent
661 4108 731 4162 dcvi·

776 1179 861 1239 cissct;
876 1197 938 1230 ann.
952 1194 1014 1247 77¹·
1032 1179 1119 1251 Tacit.
1133 1178 1230 1231 Annal.
1244 1181 1285 1246 11,

777 1255 829 1307 56:
851 1258 991 1308 «Armenii
1009 1275 1100 1327 regem
1117 1256 1162 1309 illa
1181 1271 1286 1330 tempe-

776 1349 844 1389 state
857 1356 912 1388 non
924 1337 1078 1403 habebant,
1088 1353 1179 1390 amoto
1192 1341 1287 1391 Vono-

776 1435 824 1477 ne,
835 1415 881 1468 sed
894 1416 969 1468 favor
978 1418 1092 1469 nationis
1104 1417 1249 1470 inclinabat
1257 1421 1286 1472 in

776 1497 927 1560 Zenonem,
938 1496 1088 1548 Polemonis
1100 1499 1169 1568 regis
1180 1499 1286 1551 Pontici

777 1574 875 1642 lilium,
891 1576 964 1646 quod
980 1577 1001 1627 is
1020 1578 1106 1646 prima
1122 1574 1156 1626 ab
1170 1578 1288 1630 infautia

777 1657 897 1707 instituta
921 1670 947 1708 et
971 1655 1073 1707 cultum
1095 1659 1286 1709 Armeniorum

777 1733 930 1798 amuletus,
947 1748 1062 1798 venatu,
1074 1733 1175 1804 epulis,
1187 1749 1214 1786 et
1227 1755 1287 1806 quae

778 1810 828 1862 alia
852 1810 958 1862 barbari
982 1810 1135 1876 celebrant,
1158 1830 1287 1882 proceres

778 1891 938 1962 plebemque
943 1895 1019 1962 juxta
1030 1892 1191 1945 devinxerat.
1200 1896 1288 1962 lqitur

778 1972 951 2024 Germanicus
965 1975 990 2022 in
1004 1972 1070 2023 urbe
1082 1974 1224 2041 Artaxata,
1237 1994 1288 2047 ap·

777 2052 954 2123 probantibus
966 2053 1113 2118 nobilibus,
1124 2056 1288 2110 circumfusa

778 2131 964 2197 multitudine,
976 2134 1077 2202 insigne
1089 2135 1190 2203 regium
1202 2136 1288 2207 capiti

779 2213 835 2282 ejus
859 2212 994 2282 imposuit.
1020 2213 1107 2262 Ceteri
1130 2229 1287 2268 venerantes

778 2311 883 2361 regem,
908 2292 1041 2342 Artaxiam
1065 2290 1285 2360 consalutavere,

779 2370 852 2442 quod
865 2371 905 2422 illi
917 2369 1078 2423 vocabulum
1089 2370 1241 2424 indiderant
1254 2393 1287 2426 ex

778 2452 888 2501 nomine
902 2450 984 2502 urbis.
996 2473 1007 2496 ν
1021 2453 1053 2502 Et
1068 2469 1127 2522 cap.
1144 2452 1193 2517 58,
1208 2474 1220 2498 a
1231 2455 1287 2504 Vo-

778 2545 863 2581 nones
878 2531 1102 2602 Pompeiopolim,
1116 2530 1213 2584 Cillciae
1228 2552 1288 2585 ma·

778 2610 893 2660 ritimam
901 2609 1007 2675 urbem,
1017 2623 1121 2661 amotus
1132 2624 1180 2663 est.
1190 2636 1200 2658 ι
1209 2613 1285 2685 Lips.

777 2690 858 2759 igitur
873 2688 907 2739 ad
918 2688 1002 2739 Tacit.
1019 2690 1113 2741 Annal.
1127 2691 1163 2756 ΙΙ,
1180 2693 1230 2755 56,
1244 2693 1287 2745 vel

777 2767 904 2838 dq'eeisset
914 2768 985 2839 apud
995 2771 1121 2821 Nostrum
1129 2769 1182 2841 legi
1191 2770 1288 2840 jubet,

778 2848 818 2901 vel
824 2890 833 2917 ,
848 2848 921 2922 quod
933 2851 1022 2920 potius
1035 2862 1142 2916 censet,
1153 2865 1180 2903 et
1191 2852 1287 2922 pleris-

779 2947 832 2999 que
845 2928 982 2998 probarit,
995 2930 1111 2982 dedisset.
1125 2931 1207 2998 Puto,
1220 2933 1287 2986 Sne·

778 3008 881 3057 tonium
897 3026 1012 3072 errasse,
1027 3008 1067 3060 vel
1085 3008 1165 3060 alium
1181 3011 1287 3064 fontem

778 3101 907 3139 secutum.
922 3088 1044 3140 Fortasse
1056 3084 1133 3140 etiam
1146 3090 1288 3144 Germani·

779 3184 825 3218 cus
836 3167 966 3218 Armeniis
974 3167 1000 3216 ia
1013 3168 1161 3219 amovendo
1169 3173 1287 3225 Vonone

745 3288 748 3294 .
778 3247 857 3298 armis
865 3265 942 3316 opem
954 3249 1123 3316 praestiterat,
1133 3262 1286 3323 ututerque

778 3325 891 3393 scriptor
908 3327 991 3395 possit
1008 3327 1152 3377 conciliari.
1171 3329 1211 3379 lta
1229 3331 1286 3384 fere

777 3400 911 3471 uulgatum
923 3403 1041 3456 defendit
1054 3408 1131 3456 etiam
1141 3406 1285 3476 Mullerus,

778 3479 890 3532 Observ.
899 3500 958 3551 paq.
971 3484 1010 3548 14.
1019 3514 1054 3522 -
1061 3485 1285 3556 Cappadociam...

777 3559 925 3631 redepisset5
945 3560 1074 3631 perducto
1094 3565 1204 3615 llomam
1221 3585 1289 3636 rege

778 3637 920 3689 Archelao.
933 3639 974 3692 Cf.
988 3641 1021 3691 ad
1033 3639 1121 3693 Tiber.
1135 3645 1183 3713 373
1197 3647 1284 3698 Tacit.

778 3715 873 3767 Annal.
885 3717 920 3780 ll,
931 3719 964 3784 42
978 3719 1134 3785 e156,ubi,
1148 3746 1159 3767 ι
1169 3725 1203 3772 At
1215 3723 1285 3795 Cap·

777 3794 912 3865 padaces,
923 3798 948 3847 in
962 3799 1074 3850 formam
1087 3803 1230 3871 provinciae
1241 3822 1285 3856 re·

779 3874 862 3941 ducti,
874 3874 907 3940 Q.
917 3878 1060 3929 Veranium
1072 3881 1200 3950 Legatum
1211 3901 1285 3935 acce·

777 3971 856 4022 pere:
870 3969 895 4006 et
908 3956 1025 4027 quadam
1038 3978 1068 4010 ex
1084 3962 1161 4030 regiis
1175 3961 1284 4017 tributis

777 4032 930 4102 deminuta,
951 4055 1005 4107 quo
1025 4039 1113 4092 mitius
1131 4042 1285 4095 Romanurn

776 4113 918 4186 imperium
926 4130 1088 4190 speraretur.
1100 4144 1112 4168 ι
1124 4120 1191 4190 Dio,
1200 4122 1283 4191 Lvtt,
