2648 4800
526 248 797 337 caumont?
1138 275 1181 354 ta

128 403 166 466 in
178 413 366 490 conspectu
377 396 574 491 prandentis
586 398 640 466 vel
652 400 863 467 comissantis
873 403 970 468 serite
979 403 1185 495 quaestiones

130 535 195 604 per
209 513 378 579 tormenta
391 508 613 578 habebantur.
634 510 733 578 Miles
751 511 960 579 decollandi¹
980 512 1100 581 artifex
1118 515 1189 607 qui-

131 622 338 716 huscuuque
354 645 374 689 e
391 620 546 689 custodia
560 625 669 714 capita
686 622 893 714 amputabat.
916 624 1082 705 Puteolis,
1102 623 1192 692 dedi·

129 737 267 802 catione
281 736 414 826 pontis,
434 758 536 828 quem
550 736 775 824 excogitatum
790 734 835 801 ab
852 758 893 801 eo
909 735 1191 826 significavimus,

132 868 246 940 quum
254 843 380 912 multos
390 869 409 912 e
418 843 515 912 litore
526 847 700 913 invitasset
709 844 753 911 ad
762 869 815 928 se,
829 862 968 939 repente
979 870 1099 914 omues
1107 868 1194 938 prae·

134 960 317 1050 cipitavit².
331 955 505 1044 Quosdam
519 958 748 1051 gubernacula
759 958 1071 1051 apprehendentes,
1087 959 1194 1026 conus

137 1071 309 1163 remisque
323 1068 468 1136 detrusit
480 1070 515 1135 in
527 1092 632 1134 mare.
648 1073 763 1136 Romae
775 1067 911 1160 publico
923 1067 1025 1162 epulo
1040 1090 1193 1148 servum,

136 1178 183 1247 ob
196 1178 383 1246 detractam
397 1178 492 1247 lectis
506 1195 703 1272 argenteam
720 1178 900 1261 laminam,
916 1177 1064 1245 carnifici
1081 1175 1195 1244 confe-

136 1293 224 1360 stim'
235 1291 391 1375 tradidit,
413 1309 452 1359 ut
469 1294 625 1360 manibus
647 1292 804 1374 abscisis,
823 1310 925 1386 atque
943 1308 1021 1357 ante
1036 1306 1156 1384 pectus
1177 1312 1195 1354 e

136 1401 228 1470 collo
240 1401 484 1494 pendentibus,
497 1403 710 1495 praecedente
721 1400 854 1487 titulo³,
869 1405 927 1498 qui
938 1425 1076 1469 causam
1089 1422 1197 1492 poenae

136 1513 322 1596 indicaret,
343 1538 405 1606 per
423 1531 529 1582 coetus
550 1515 762 1608 epulantium
776 1514 1095 1582 circumduceretur.
1115 1513 1197 1577 Mir-

137 1625 316 1694 millonem
332 1622 463 1709 eludo,
478 1626 620 1696 rudibus
639 1651 757 1695 secum
775 1623 1009 1706 batuentemt,
1028 1640 1063 1690 et
1074 1636 1196 1714 sponte

138 1751 367 1829 prostratum,
384 1736 534 1804 confodit
547 1737 656 1805 ferrea
669 1741 757 1819 sica,
773 1759 813 1805 ac
827 1761 921 1803 more
936 1738 1101 1802 victorum
1117 1755 1197 1798 cum

139 1845 257 1940 palma
272 1847 485 1916 discucurrit.
502 1847 645 1915 Admota
661 1846 823 1916 altaribus
837 1849 990 1929 victima,
1007 1846 1198 1912 succinctus

137 1981 308 2050 poparum
319 1956 455 2040 habitu,
469 1957 557 2026 elato
569 1957 636 2026 alte
645 1958 786 2040 malleo,
799 1957 996 2026 cultrarium
1010 1955 1197 2024 ⁵mactavit.

138 2071 299 2137 lautiore
317 2071 470 2137 convivio
489 2071 618 2137 effusus
636 2069 748 2137 subito
769 2073 803 2136 in
825 2069 1026 2148 cachinnos,
1047 2062 1201 2133 Consuli-

139 2179 227 2262 bus,
241 2182 300 2273 qui
315 2177 412 2272 juxta
428 2179 617 2262 cubabant,
636 2178 799 2274 quidnam
811 2178 952 2263 rideret,
967 2174 1092 2245 blande
1105 2196 1199 2268 quae·

139 2290 317 2358 rentibus:
349 2292 481 2378 «Quid,
507 2294 634 2386 iuquit,
662 2293 726 2359 nisi
750 2314 821 2358 uno
843 2312 919 2356 meo
942 2304 1028 2356 nutu
1050 2282 1200 2379 jugulari

142 2416 328 2496 utrumque
338 2417 490 2468 vestrum
503 2404 615 2468 statim
628 2405 750 2494 posse?
762 2431 775 2461 r

190 2517 345 2581 XXXlll.
373 2518 465 2582 luter
475 2517 586 2581 varios
597 2512 713 2607 jocos,
726 2536 834 2608 quum
847 2514 1007 2580 assistens
1019 2507 1200 2576 simulacro

141 2625 238 2692 Jovis
259 2624 413 2717 Apellam
432 2625 640 2718 tragoedum¹
662 2622 906 2705 consuluisset,
928 2637 1003 2688 uter
1023 2619 1072 2686 illi
1092 2614 1201 2708 major

179 2825 291 2879 XXXII.
311 2845 332 2880 1.
344 2826 514 2881 Decollondt'.
527 2830 607 2882 Cous.
618 2829 651 2883 de
733 2825 758 2880 5.
773 2827 923 2879 Succinctus
930 2841 1059 2898 poparum
1071 2821 1200 2873 babitu...

142 2904 651 2979 hocverboWesseling.Observ.l,no.
696 2904 851 2957 cultrarium
864 2903 997 2955 mactavit.
1011 2901 1078 2952 Vide
1090 2899 1200 2953 Gutber.

182 3005 207 3039 2.
221 2988 379 3040 Puteolis...
390 2990 574 3062 praecipitavit.
587 2992 652 3057 Dio,
697 2984 731 3036 de
746 2986 835 3036 Veteri
853 2986 918 3035 Jurc
936 2982 1091 3046 Pontificio,
1109 2984 1148 3046 ll,
1170 2981 1202 3047 14

144 3068 278 3138 ux,17.
697 3062 794 3133 (Thes.
809 3063 891 3114 va.
907 3076 972 3112 torn.
988 3065 1025 3125 V,
1040 3076 1101 3132 pag.
1121 3062 1202 3131 108),

181 3144 208 3196 3.
228 3146 394 3200 Procedente
412 3146 507 3209 titulo,-
524 3147 577 3200 hoe
596 3163 652 3218 ert,
697 3143 744 3196 ubi
761 3166 767 3193 ι
790 3145 892 3213 «Popoe
907 3156 933 3194 et
949 3141 1099 3195 Victiman'i
1113 3159 1203 3192 saero-

147 3237 176 3276 ut
192 3225 265 3290 Dio,
283 3226 354 3291 LIV,
375 3225 408 3292 3,
424 3224 490 3290 μιτιὶ
505 3227 653 3294 magadam
698 3242 757 3276 rum
768 3224 880 3274 ministri
888 3223 1016 3293 praecipui
1026 3222 1142 3272 fuerunt.
1153 3224 1204 3272 Po·

146 3302 186 3358 viv
201 3303 334 3360 ὐτίιιτῖς
349 3302 508 3360 &startiam
522 3303 598 3357 arisati
611 3309 653 3357 a·-
699 3324 739 3376 pae
760 3303 862 3355 hostias
883 3302 1052 3364 mactabaut;
1075 3302 1102 3354 V
1100 3303 1204 3353 ictima-

149 3379 262 3443 tw‘mr,
280 3380 326 3433 ubi
343 3382 401 3434 vide
417 3380 520 3434 Fabric.
532 3382 610 3434 Tales
623 3385 654 3435 ti·
700 3386 750 3436 rius
765 3382 824 3436 illas
843 3383 1009 3455 apparabat,
1029 3395 1054 3434 ct
1071 3381 1204 3446 cultrum,

149 3459 220 3512 tulos
236 3472 264 3511 et
280 3477 435 3531 praeconum
450 3457 535 3528 elogia
548 3457 655 3530 collegit
700 3481 816 3535 aquam,
837 3465 926 3534 iguem
945 3475 970 3514 et
989 3462 1096 3514 molam.
1117 3464 1204 3532 Popus

151 3540 265 3592 bristou.
278 3537 313 3590 de
323 3538 469 3604 Formulis,
481 3540 517 3601 V,
529 3556 591 3609 pag.
602 3538 654 3604 488
699 3542 808 3594 Plautus
826 3542 912 3594 lanios
923 3556 1002 3594 vocat
1010 3582 1015 3594 .
1024 3579 1031 3592 .
1039 3580 1059 3594 ..
1075 3541 1204 3594 Wotr'ma·

152 3637 206 3691 seq.
219 3615 300 3670 Conf-
312 3618 457 3668 Domitian·
471 3633 512 3667 10.
698 3621 767 3684 rius,
778 3619 948 3687 μοσχοθὺτις,
962 3618 1128 3687 gregoriam,
1146 3617 1205 3670 cul·

185 3697 211 3765 4.
244 3696 359 3750 Rudibur
381 3715 466 3748 urum
487 3697 655 3761 baaentem‚·
699 3701 793 3752 trarius
805 3702 964 3752 Suetonio.»
986 3699 1053 3751 Vide
1071 3697 1134 3749 ibid.
1154 3714 1205 3747 no-

153 3776 224 3849 quod
236 3779 339 3828 tirones
353 3778 440 3828 facere
458 3774 580 3828 solebant
593 3798 653 3829 oum
699 3794 784 3834 strum
799 3779 888 3831 locum
906 3780 1020 3849 imagine
1036 3777 1205 3829 illustratum.

152 3856 258 3923 lanista,
271 3858 389 3909 exercitii
403 3875 492 3910 causa.
508 3857 567 3909 Vid.
581 3859 652 3930 Lips.
699 3889 735 3900 -
746 3861 897 3931 Poparam;
910 3861 943 3912 al.
957 3858 1026 3911 male
1036 3875 1203 3932 paurpamm.

153 3934 253 3988 Satura.
267 3936 293 3997 l,
310 3935 351 3987 15.
736 3940 853 3990 xxxin.
875 3957 895 3989 ι.
913 3937 1032 4007 Apellam
1047 3935 1206 4006 tragoedum,
