2648 4800
485 435 739 501 cinisum.
1115 462 1133 528 7

84 561 255 632 veneficiis
268 584 404 658 quoque
420 576 454 628 et
468 560 724 629 devotionibus⁷
741 564 934 655 impugnari
950 585 986 630 se
1002 587 1136 657 compe-

85 677 206 741 risset:
226 696 267 739 ac
284 696 327 739 ne
346 687 428 740 tunc
446 669 582 767 quidem
597 671 686 740 ultra
704 695 923 766 progressus,
939 697 1042 768 quam
1053 689 1138 741 utet

83 787 266 854 amicitiam
285 787 315 852 ei
329 809 423 852 more
441 781 611 878 majorum
629 783 874 868 renunciaret⁸‚
894 785 1137 883 mandaretque

84 896 278 981 domesticis
290 895 488 980 ultionem⁹‚
505 897 533 963 si
545 894 701 991 quid‘sibi
713 894 889 965 accideret.

132 1013 190 1074 lv.
216 1011 369 1094 Quarum
390 1010 553 1074 virtutum
574 1007 722 1075 fructum
742 1006 953 1075 uberrimum
973 1007 1067 1091 tulit,
1092 1011 1155 1076 sic·

84 1116 248 1211 probatus
259 1134 294 1185 et
305 1116 446 1186 dilectus
459 1143 479 1187 a
492 1123 577 1201 suis,
589 1136 628 1187 ut
643 1127 813 1211 Augustus
829 1122 962 1206 (omitto
974 1123 1065 1187 enim
1078 1145 1139 1188 ne·
1166 1107 1171 1115 “

85 1227 305 1296 cessitudines
321 1228 500 1323 reliquas),
524 1229 582 1297 diu
604 1245 799 1313 cunctatuS,
821 1254 865 1297 an
884 1230 946 1297 sibi
969 1254 1156 1300 successo.

85 1363 159 1407 rem
176 1338 393 1423 destinaret',
413 1339 645 1434 adoptandum
658 1341 794 1409 Tiberio
809 1339 955 1408 dederit:
973 1343 1021 1408 sic
1037 1340 1153 1434 vulgo.

84 1448 296 1533 bvorabills,
311 1467 349 1518 ut
360 1451 496 1543 plurimi
512 1450 662 1532 tradant,
679 1453 810 1546 quoties
823 1450 937 1546 aliquo
949 1449 1156 1537 adveniret„

84 1560 139 1628 vel
156 1561 298 1630 sicunde
316 1560 519 1648 discederet,
540 1562 732 1660 praeturba
753 1565 1005 1631 occurrentium
1025 1586 1140 1656 prose-

84 1797 133 1833 nes
141 1793 188 1832 aut
197 1774 277 1834 urbes
286 1783 412 1852 jusserat,
425 1783 538 1853 abolita,
548 1784 590 1837 vel
635 1783 741 1836 demum
750 1783 990 1836 Gennanicilocus.
1001 1781 1052 1836 Sed
1060 1782 1157 1839 verba,

85 1861 112 1913 in
121 1864 286 1913 contrarium
296 1881 371 1916 versa
381 1868 548 1935 cognoscit·
635 1863 662 1916 b.
678 1864 694 1916 Ι.
709 1866 863 1916 referuntur
876 1865 960 1934 ipsius
973 1863 1139 1930 Germanioi,

122 1956 148 2008 7.
166 1941 231 1993 Non
243 1943 353 2012 prius-...
366 1963 447 2017 quom
463 1941 592 2016 aedificiis
636 1958 749 1998 mortem
768 1963 844 1995 suam
864 1952 962 1995 utrem
982 1943 1100 1994 futuram
1115 1943 1156 2004 et,

83 2038 189 2093 quoque
202 2034 228 2073 et
240 2023 493 2088 devotionibus,>etc.
505 2024 591 2076 Tacit.
636 2022 722 2074 adbuc
733 2024 862 2075 incertam
872 2022 1023 2095 cogitantis.
1034 2020 1142 2072 Accide-

84 2099 136 2151 loe.
147 2102 192 2152 cit.
206 2124 218 2146 a
228 2102 427 2172 reperiebantur
436 2102 493 2156 solo
505 2123 536 2156 ac
545 2123 591 2176 pa·
636 2112 675 2153 ret
686 2104 767 2173 igitur
783 2104 915 2172 optativus
931 2114 970 2151 est
984 2100 1083 2150 aoristi.
1091 2146 1093 2149 ,
1101 2100 1142 2150 lta

84 2180 195 2234 rictibus
207 2196 286 2234 erutae
299 2181 478 2236 bumanorum
492 2204 591 2256 corpo-
636 2199 695 2251 cap.
708 2182 755 2248 24,
769 2203 780 2226 ι
792 2178 865 2251 quod
874 2197 918 2250 spe
929 2177 1082 2249 occupandi
1090 2178 1142 2230 Ur-

83 2279 144 2310 rum
157 2258 287 2331 reliquie,
299 2261 415 2312 carmina
430 2274 455 2313 et
467 2262 591 2314 devotio-

635 2258 712 2325 bem,
726 2262 748 2310 si
762 2258 825 2330 quid
839 2257 889 2310 sibi
906 2276 954 2329 per
969 2270 1140 2328 tempestates
1154 2314 1158 2320 ,
1217 2276 1222 2295 ’

82 2356 147 2402 nes,
160 2350 187 2390 et
196 2357 293 2390 nomen
302 2340 450 2392 Germanici
460 2339 591 2411 plumbeis

83 2415 184 2468 tabulis
196 2416 374 2491 insculptum,
391 2421 499 2472 semusti
516 2421 590 2472 cine·

82 2514 140 2561 res,
152 2515 184 2549 ae
197 2496 258 2549 tabe
271 2497 360 2566 obliti,
373 2499 477 2570 aliaque
490 2500 590 2553 malefi-

82 2580 141 2643 cia,
156 2577 214 2648 quis
231 2578 347 2631 creditur
359 2581 460 2632 animas
475 2581 590 2640 numiui÷

80 2655 134 2708 bus
144 2658 253 2710 infernis
264 2661 371 2711 sacrari.
381 2684 393 2708 ι
405 2660 483 2713 Conf.
498 2660 533 2713 ad
543 2663 589 2715 Ti·

80 2734 140 2787 ber.
155 2753 216 2806 cap.
232 2735 274 2789 52.

119 2818 145 2868 8.
167 2817 253 2886 Quom
271 2829 301 2869 ut
318 2829 344 2870 et
361 2820 505 2872 amicitiam
524 2822 587 2874 ei...

80 2899 255 2950 nnanciaret.
264 2898 349 2950 Tacit.
362 2898 457 2951 Annal.
468 2919 527 2971 cap.
540 2918 587 2970 70,

84 2997 96 3020 ι
107 2976 248 3045 componit
262 2975 405 3048 epistolas,
420 2979 477 3048 quis
498 2980 588 3031 amici-.

80 3054 147 3103 tiam
155 3054 179 3103 ei
187 3053 391 3120 renunciabat,·
403 3053 436 3107 ad
446 3074 523 3126 quem
534 3055 586 3109 loc.

79 3127 143 3183 vide
156 3130 263 3182 Excurs.
275 3132 366 3202 Lipsii.
379 3134 486 3191 Etaute
497 3135 588 3189 omici-

80 3213 148 3262 tiam
162 3210 234 3263 abest
245 3214 273 3262 in
286 3212 399 3279 Codice,
414 3217 491 3283 cujus
505 3213 588 3268 colla·

81 3291 122 3342 tio
135 3304 174 3342 est
188 3292 215 3342 in
226 3291 350 3349 manibus
361 3291 475 3345 Mulleri.

118 3387 145 3438 9.
171 3370 365 3444 blandamque
382 3372 525 3426 domesticis
542 3373 586 3426 ul-

81 3452 190 3503 tionem.
201 3450 293 3503 Oratio
307 3466 345 3504 est
357 3452 430 3523 apud
440 3455 502 3505 Tac.
515 3455 586 3507 Anu.

636 2339 782 2405 accideret,
811 2340 987 2390 remansisset.
1001 2360 1012 2384 r
1040 2338 1159 2390 Auctor.

635 2419 791 2490 imperfecto
805 2435 869 2470 usus
884 2429 940 2483 est,
957 2419 1084 2488 quoniam
1100 2437 1156 2470 re·,

634 2499 693 2550 tulit
701 2497 733 2550 od
743 2518 829 2570 spem,
840 2499 984 2568 scripturus
993 2498 1159 2567 accidisset„

634 2578 656 2629 si
674 2576 805 2629 retulisset
823 2577 857 2629 ad
871 2576 1015 2648 occupandi
1035 2577 1155 2644 Urbem..

633 2659 694 2709 Non
709 2658 812 2708 minore
825 2659 923 2727 injuria
938 2657 1039 2709 Ernest.
1055 2655 1156 2726 infra„

634 2755 693 2806 cap.
707 2753 755 2804 29,
765 2734 873 2787 damnat
888 2738 952 2787 «cui
963 2735 1071 2786 tamdiu
1083 2754 1140 2804 non
1153 2780 1156 2791 ,

630 2815 759 2889 prodesset
771 2815 931 2878 elleborum,
944 2838 954 2860 ι
975 2826 1073 2865 rectam
1087 2815 1139 2866 La·
1152 2864 1155 2870 ,

632 2896 761 2947 tinitatem
773 2894 910 2966 postulare
921 2893 1011 2945 dicens
1022 2893 1139 2964 profuis-

631 2987 675 3028 set.
685 2978 783 3042 Immo,
795 2977 938 3028 continuus
951 2993 1014 3026 usus
1028 2973 1137 3027 ellebori
1149 3016 1154 3025 .

631 3074 717 3127 neque
725 3055 818 3109 eodem
829 3054 874 3107 illo
885 3069 1004 3126 tempore
1011 3055 1139 3106 intermis·
1152 3104 1154 3109 .

632 3155 693 3203 sus,
715 3152 791 3189 antea
811 3151 900 3189 tamen
923 3150 949 3188 et
972 3134 1060 3187 adbuc
1080 3137 1153 3189 sine

630 3216 734 3282 fructu,
749 3216 905 3288 imperfecto
923 3216 1024 3287 optime
1038 3215 1143 3286 signifiat

631 3311 714 3349 catur.

665 3378 710 3428 IV.
733 3392 756 3429 t.
774 3377 809 3429 Ut
818 3376 1017 3448 Aupustus.,..,.
1035 3394 1070 3425 ars
1087 3376 1151 3428 sibe.

630 3473 794 3508 successorem
812 3455 967 3520 destinaret,
982 3466 1033 3506 etc.
1045 3453 1152 3517 Tacit..

80 3548 144 3600 cap.
155 3546 200 3599 71,
211 3532 256 3602 qui
267 3530 355 3583 addit:
368 3533 513 3584 «duravere
526 3534 587 3584 ami·
605 3531 607 3535 ’
631 3532 727 3584 Annal.
744 3535 790 3599 lV,
805 3533 853 3602 57:
872 3532 1066 3584 «Dubitaverat
1080 3534 1137 3583 Au-

80 3611 123 3674 ci,
142 3608 260 3661 dextram
276 3611 414 3664 morientis
430 3613 594 3684 contingen-.
632 3626 742 3682 gustus,
758 3613 962 3678 Germanicum,
980 3612 1078 3663 sororis
1092 3629 1138 3662 ne·

80 3688 266 3758 tes,spiritum
274 3701 437 3760 aute,quam
447 3689 585 3759 ultionem,
630 3705 743 3763 potem,
760 3705 786 3743 et
804 3693 905 3743 cunctis
924 3690 1077 3756 laudatum,
1097 3692 1136 3742 rei

80 3767 236 3820 amissuros.
247 3769 345 3832 »p-St
355 3770 419 3841 quid
428 3769 597 3824 sibisaccide.
631 3773 756 3824 Romane
774 3772 925 3842 imponere,
948 3770 994 3823 sed
1012 3769 1149 3841 precibus.
1180 3807 1182 3810 -

80 3845 298 3909 remissioribus,
308 3848 584 3920 pereupbemis'mnm.
631 3853 720 3903 uxoris
738 3852 855 3917 evictus,
873 3848 980 3902 Tiberio
999 3849 1135 3902 Germani-

79 3928 218 3978 Ernestius
235 3926 379 3979 dicendum
397 3929 478 3980 fuisse
494 3943 587 3982 censet
631 3950 708 3997 cum,
723 3929 773 3982 sibi
788 3929 924 3991 Tiberium
944 3930 1084 3983 adscivit.»
1099 3957 1135 3968 —-

78 4005 221 4058 accidisset.
247 4007 286 4058 lta
309 4008 380 4070 actio
401 4006 586 4061 ulciscentium
631 4009 819 4080 Adoptondum
829 4010 933 4063 Tiberio
943 4007 1133 4062 dederit.Conf.

79 4087 269 4158 respiceretur,
277 4088 320 4139 cui
330 4105 395 4140 eane
404 4101 586 4158 postmortem
631 4088 719 4143 Tiber.
734 4088 773 4142 15.
