2648 4800
307 412 309 415 ·
408 442 414 451 .
456 397 712 462 CALIGULA.
874 422 881 435 ·
1067 406 1109 472 33

55 538 170 605 tanta,
186 545 250 590 nec
265 519 458 614 dignatione
473 519 608 604 dilexit,
625 540 664 590 nt
682 547 767 619 quas
786 548 876 618 saepe
890 527 1029 596 exoletis
1043 533 1113 600 suis

56 634 289 724 prostraverit.
314 635 390 718 Quo
413 631 544 699 facilius
567 657 623 701 eas
648 637 683 700 in
706 659 807 701 eausa
831 636 952 705 AEmilii
976 639 1116 733 ⁷Lepidi

56 744 314 827 condemnavit,
332 747 429 838 quasi
441 742 683 828 adulteras,.et
694 747 891 816 insidiarum
902 749 1064 820 adversus
1078 778 1115 823 se

56 859 222 924 conscias.
232 860 301 923 Nec
309 854 419 937 solum
427 853 650 948 chirographa
658 859 989 954 omnium,requisita
997 861 1115 932 fraude

56 991 96 1035 ac
106 966 263 1060 stupro⁸,
274 965 474 1058 divulgavit,
488 967 548 1033 sed
558 986 592 1034 et
603 983 671 1035 tres
685 967 829 1060 gladios,
843 973 877 1038 in
889 996 1009 1040 necem
1019 999 1116 1043 suam

59 1092 286 1168 praeparatos,
299 1077 400 1143 Marti
412 1074 539 1154 Ultori,
552 1074 666 1143 addito
678 1076 805 1169 elogio,
817 1085 1036 1151 consecravit.

104 1189 209 1253 XXV.
236 1186 451 1252 Matrimonia
471 1189 676 1252 contraxerit
695 1191 845 1280 turpius,
867 1215 912 1261 an
932 1190 1117 1279 dimiserit,
1154 1250 1157 1255 .

59 1323 103 1365 an
122 1299 289 1378 tenuerit,
310 1321 380 1365 non
401 1315 452 1364 est
469 1296 566 1364 facile
583 1296 807 1367 discernere¹.
827 1303 958 1371 Liviam
976 1306 1117 1374 Orestil-

59 1407 170 1489 lam',
187 1410 224 1473 C.
239 1409 352 1474 Pisoni
367 1406 571 1490 nubentem,
589 1432 697 1502 quum
708 1407 751 1475 ad
768 1409 918 1478 officium
933 1428 967 1479 et
977 1416 1050 1506 ipse
1064 1437 1117 1484 ve-

58 1523 186 1599 nisset,
200 1516 244 1585 ad
260 1542 297 1585 se
313 1517 435 1586 deduci
448 1520 644 1611 imperavit,
662 1522 819 1614 intraque
836 1545 962 1613 paucos
981 1520 1052 1591 dies
1067 1551 1117 1594 re·

58 1630 237 1726 pudiatam
257 1630 393 1698 biennio
414 1629 695 1723 postrelegavit,
721 1632 812 1726 quod
835 1636 996 1725 repetisse
1017 1662 1117 1708 usum

60 1745 184 1836 prioris
198 1743 310 1809 mariti
322 1759 475 1834 tempore
489 1741 601 1809 medio
613 1739 799 1810 videbatur.
814 1742 878 1809 Alii
890 1743 1047 1829 tradunt,
1062 1746 1118 1814 ad·

59 1853 328 1922 bibitum-coenae
346 1852 510 1947 nuptiali,
527 1851 708 1922 mandasse
725 1854 768 1921 ad
787 1847 946 1923 Pisonem
952 1853 984 1939 ³,
999 1875 1118 1928 contra

95 2061 121 2113 7.
142 2042 177 2094 In
188 2039 382 2120 causa-aemilia·
395 2041 502 2114 Lepidi,
520 2044 566 2112 qui
610 2041 729 2094 Gronov.
745 2042 856 2095 Observ.
870 2045 921 2110 111,
937 2044 984 2109 13,
997 2059 1023 2096 et
1034 2047 1116 2098 Periz.

58 2136 140 2174 antea
152 2122 275 2175 Drusillae
287 2124 411 2184 maritus,
427 2124 565 2173 convictus
611 2119 646 2170 ad
656 2121 745 2171 Sanct.
759 2139 819 2190 pag.
831 2121 896 2190 784,
906 2121 959 2192 legi
968 2123 1116 2191 decernere,

57 2200 566 2275 posteaconjurationisinCaium(Dio,
611 2212 637 2250 et
650 2198 781 2270 probante
794 2199 902 2250 Wollio.
916 2203 952 2252 Ut
965 2203 1037 2253 enim
1050 2203 1117 2254 rnul-

56 2285 133 2349 ΗΧ,
149 2299 177 2333 ιι
193 2295 219 2334 et
233 2281 298 2352 aa),
311 2282 428 2352 itemque
440 2281 527 2349 stupri
539 2282 565 2331 in
610 2277 643 2326 tis
654 2277 681 2326 in
691 2274 758 2327 locis
767 2275 876 2349 diligere
885 2289 911 2327 et
920 2277 1032 2350 deligere
1041 2299 1116 2353 aeque

55 2357 565 2434 AgrippinametLivillam.ErAEmilio
610 2352 697 2405 valere
716 2368 844 2425 possunt,
865 2374 948 2426 quum
966 2355 1032 2411 illud
1051 2363 1085 2414 sit
1102 2381 1118 2414 e

56 2441 142 2496 Panlo
154 2453 181 2494 et
192 2440 276 2505 lulla,
289 2440 401 2511 Augusti
413 2451 506 2509 nepte,
519 2457 566 2489 na·
608 2433 728 2507 pluribus
738 2435 834 2509 legere,
845 2435 898 2488 hoe
908 2437 940 2489 de
949 2457 1058 2495 numero
1068 2443 1118 2495 att·
1135 2458 1137 2466 ’

56 2512 113 2576 tom
127 2521 206 2574 illurn
215 2523 340 2591 opinatur
351 2520 455 2589 Lipsius
468 2515 503 2567 ad
511 2518 565 2567 Ta·
609 2533 661 2586 quo
675 2513 771 2587 legere,
785 2515 858 2586 quod
871 2516 964 2569 eodem
978 2519 1064 2589 redit,
1079 2525 1128 2576 ita-

55 2606 100 2656 eit.
110 2601 210 2655 Annal.
218 2602 288 2665 XIV,
298 2618 322 2651 a.
331 2601 364 2651 At
372 2600 386 2649 J
390 2597 456 2660 ulia,
464 2598 563 2667 inquit,
608 2592 750 2645 discernere
756 2593 808 2645 boc
817 2608 856 2646 est
866 2617 877 2640 ι
887 2596 1043 2667 epluribus,
1056 2620 1115 2672 qnae

57 2681 390 2752 sororAgrippittae,quae
407 2690 491 2727 mater
506 2676 563 2727 Caii
608 2686 752 2724 narrantur
763 2672 804 2724 vel
812 2672 977 2743 judicantur,
992 2677 1057 2749 quid
1068 2699 1114 2732 tre·
1163 2662 1164 2666 Ἰ

53 2778 222 2814 etsororuru.
232 2756 562 2821 Hineelarum,curCaius
608 2770 665 2802 rum
672 2789 680 2816 ‚
690 2752 753 2822 quid
761 2752 929 2822 probandum
939 2757 985 2820 sit,
997 2776 1114 2825 cernere,

54 2858 240 2895 successorem
250 2837 324 2890 illum
334 2837 438 2905 imperii
447 2833 563 2887 destina·
608 2842 687 2901 atque
696 2832 734 2881 ito
744 2829 866 2896 delinire,
878 2829 1031 2901 decensere,
1042 2860 1053 2883 n
1066 2855 1114 2888 cur

54 2926 140 2989 verit,
161 2934 188 2973 et
209 2918 394 2991 quinquennio
415 2919 562 2984 maturius,
607 2910 745 2962 ferendum
758 2929 814 2962 non
827 2911 955 2977 sit‚haod
965 2914 1052 2967 video.
1063 2919 1113 2969 lle·

53 3021 136 3076 quam
149 3019 198 3071 per
210 2997 298 3069 leges,
314 2997 497 3066 magistratum
514 3015 561 3047 en·
607 3005 650 3042 ete
667 2993 694 3042 in
710 2993 866 3042 sententiam
883 3008 1000 3045 nostram
1018 2994 1112 3067 dispu-

53 3102 118 3157 pere
130 3080 245 3132 voluerit
257 3077 340 3149 (Dio,
356 3093 414 3145 cap.
429 3072 486 3142 aa).
499 3075 562 3126 Erat
607 3083 662 3122 tare
669 3070 861 3123 rideturetiom
868 3073 996 3137 Bremius,
1006 3089 1112 3146 etproo·

54 3165 125 3217 enim
133 3156 271 3228 sanguinis
279 3155 419 3225 gentisque
427 3152 560 3222 Auguste,
607 3168 651 3202 sus
662 3169 720 3202 eam
731 3150 903 3216 confirmant,
914 3170 971 3223 quae
979 3153 1111 3208 Walther.

54 3243 113 3314 pari
129 3258 191 3292 cum
203 3233 321 3306 Caligula
336 3231 429 3303 gradu.
606 3227 686 3293 dicit,
705 3228 815 3280 Observ.
830 3247 891 3300 pag.
909 3247 951 3297 21,
970 3231 1112 3286 discernere

90 3322 116 3373 8.
130 3315 262 3390 &quisita
268 3314 409 3386 frondeat)
421 3311 561 3384 stupro;id
606 3306 734 3358 denotare
764 3306 945 3370 antecedens,
977 3308 1111 3363 decernere

56 3412 108 3462 est,
119 3414 179 3467 quae
188 3393 239 3446 sibi
248 3389 341 3442 fraude
351 3403 561 3460 comparaverat,
606 3404 782 3457 consequens.
794 3385 865 3437 ldem
879 3387 933 3437 Liv.
943 3388 1004 3453 vll,
1017 3407 1047 3458 9,
1060 3391 1109 3442 dis.

55 3498 87 3531 ne
94 3492 192 3548 stupro
200 3472 308 3543 quidem
319 3470 352 3523 ad
363 3468 521 3542 requirenda
531 3489 561 3521 en
587 3512 589 3517 .
605 3464 913 3536 carnilegendum,recte
921 3484 1019 3518 exmeo
1028 3487 1107 3522 sensu

57 3572 81 3609 et
103 3552 236 3609 elicienda
259 3554 310 3615 iis,
338 3553 383 3622 qui
406 3546 559 3615 habebant,
602 3545 713 3616 judicat.

58 3636 162 3686 omisso.
172 3634 267 3683 Postea
277 3628 365 3680 addito
375 3624 507 3698 elogioest
516 3625 561 3676 ad·
643 3643 665 3675 a.
677 3623 777 3676 Liviam
791 3623 949 3675 Orestillam.
963 3625 1110 3679 Corneliam

58 3712 112 3764 dita
130 3708 237 3772 tabula,
255 3706 445 3777 inscriptione,
464 3703 561 3769 titulo,
608 3707 752 3759 Orestinam
763 3722 821 3756 eam
833 3702 949 3776 appellat
961 3706 1026 3773 Dio,
1037 3708 1110 3773 LIX,

60 3812 110 3866 qno
133 3788 341 3844 consecrationis
365 3803 446 3838 causa
468 3796 560 3837 notata
606 3784 639 3849 8,
655 3800 732 3854 quem
749 3795 896 3851 sequnntur
914 3782 1066 3853 xiphilinus
1084 3789 1121 3837 et'

61 3887 122 3924 erat.
146 3872 187 3922 De
211 3865 363 3921 consecretis
381 3863 478 3937 gladiis
500 3863 559 3916 vide
605 3865 729 3914 Zonaras.
744 3893 780 3901 -
798 3862 883 3932 Quum
898 3861 933 3913 ad
948 3860 1067 3934 officium
1084 3877 1109 3916 et

63 3952 126 4020 lips.
138 3948 173 4001 ad
184 3947 269 3998 Tacit.
283 3943 378 4000 Annal.
392 3943 449 4009 XV,
463 3943 505 4011 74.
607 3943 659 4014 ipse
671 3941 792 4003 venisset‚·
810 3942 844 3993 ad
859 3959 988 4013 pompam
999 3946 1108 4013 nuptia·

95 4030 172 4080 XXV.
191 4046 213 4078 r.
227 4027 382 4094 Discernere,
394 4024 560 4077 servavimus
605 4021 673 4083 lern3
690 4039 771 4092 quum
786 4023 925 4072 interesset
938 4023 1045 4092 nuptiis.
1109 4073 1112 4079 ,

64 4105 108 4158 ltoe
121 4105 247 4169 verbum,
267 4102 388 4175 quamtis
399 4100 559 4170 jubentibus
643 4103 667 4151 3.
689 4099 827 4152 Mandane
845 4100 880 4150 ad
898 4100 1020 4151 Pisonem
1027 4123 1036 4161 ,·
1051 4104 1067 4152 i.
1084 4121 1108 4156 e,

144 4197 191 4262 ΙΙ.
650 4225 653 4229 ’
936 4192 966 4254 3.
