2648 4800
139 383 181 461 44
513 383 549 444 c.
576 380 809 446 suarouu

137 503 320 588 videretur,
337 522 553 574 cunctantem
573 506 714 600 flagellis
729 507 878 588 discidit,
898 506 1096 575 collaudans
1116 507 1193 575 sub·

136 614 216 683 inde
229 640 347 684 vocem
366 615 596 710 deprecantis,
617 621 713 712 quasi
732 620 833 685 etiam
851 619 885 684 in
905 620 1032 711 gemitu
1045 615 1193 711 praedul-

136 751 222 795 cem.
242 731 381 814 Quoties
401 731 517 795 uxoris
535 726 589 794 vel
609 728 764 795 amicula·
783 726 909 796 collum
927 727 1191 808 exoscularetur,

135 836 300 920 addebat,
323 868 337 897 a
349 843 434 906 Tam
451 837 542 905 bona
555 841 686 920 cervix,
704 836 862 905 simulac
876 835 1028 929 jussero,
1045 836 1192 905 demate

136 963 191 1014 tur
201 956 223 1014 ².
238 980 251 1010 n
274 950 364 1036 Quin
384 965 417 1016 et
435 947 579 1016 subinde
597 946 762 1041 jactabat,
790 981 802 1009 a
815 950 1063 1042 exquisiturum
1081 971 1120 1015 se
1138 946 1188 1014 vel

134 1056 279 1126 fidiculis
291 1059 333 1127 de
346 1063 498 1128 Caesonia
513 1084 592 1143 sua,
608 1085 669 1128 cur
680 1085 755 1127 eam
769 1077 863 1127 tanto
877 1084 980 1153 opere
994 1059 1184 1153 diligeretis

181 1174 330 1239 XXXIV.
358 1177 427 1239 Nec
443 1174 573 1240 minore
593 1171 698 1239 livore
713 1196 753 1239 ac
771 1171 994 1263 malignitate,
1015 1194 1120 1265 quam
1139 1195 1188 1238 sn·

134 1279 250 1372 perbia
268 1284 481 1377 saevitiaque,
502 1307 600 1376 paene
621 1281 783 1350 adversus
802 1286 911 1353 omnis
931 1285 993 1349 aevi
1012 1280 1187 1348 hominum

134 1402 257 1483 genus¹
276 1411 446 1484 grassatus
461 1411 520 1461 est.
538 1397 670 1461 Statuas
686 1396 837 1460 virorum
853 1391 1054 1485 illustrium,
1069 1390 1114 1458 ab
1129 1397 1187 1458 Au-

132 1518 231 1595 gusto
255 1528 296 1571 ex
313 1503 501 1595 Capitolina
521 1529 599 1571 area
620 1520 759 1597 propter
780 1505 951 1595 angustias
971 1505 1006 1568 in
1027 1503 1186 1569 Martium

132 1636 291 1706 campum
306 1612 462 1696 collatas,
482 1617 528 1681 ita
545 1615 710 1682 subvertit
725 1632 827 1709 atque
841 1611 989 1707 disjecit,
1005 1628 1044 1679 ut
1057 1614 1186 1679 restitui

132 1723 232 1791 salvis
243 1722 348 1792 titulis
359 1749 428 1791 non
442 1729 632 1817 potuerint²
644 1755 651 1792 ε
663 1729 836 1820 vetuitque
849 1723 990 1818 posthac
1001 1726 1185 1793 viventium

131 1837 290 1930 cuiquam
302 1858 447 1929 usquam
461 1852 607 1902 statuam
619 1852 678 1903 aut
689 1839 889 1928 imaginem,
904 1837 968 1903 nisi
983 1859 1019 1901 se
1030 1833 1185 1902 consulto

131 1962 165 2013 et
176 1962 329 2029 auctore,
343 1943 455 2038 poui³.
476 1949 641 2039 Cogitavit
657 1951 757 2014 ctiam
770 1947 812 2013 de
826 1948 962 2014 Homeri
979 1942 1184 2013 carminibus
1198 2022 1204 2031 ,

129 2055 322 2138 abolendis,
341 2061 435 2124 «Cur
447 2059 537 2124 enim
550 2057 613 2125 sibi
626 2081 695 2124 non
708 2057 824 2140 licere,
838 2055 992 2138 dicensl,
1008 2053 1100 2151 quod
1113 2055 1185 2123 Pla·

129 2172 200 2238 toni
212 2170 376 2252 licuisset,
391 2171 449 2264 qui
461 2193 541 2237 eum
551 2194 569 2237 e
580 2172 732 2251 civitate,
748 2194 851 2264 quam
864 2167 1103 2250 constituebat,
1115 2164 1184 2259 eje·

85 2360 86 2365 γ
128 2283 252 2348 ceritis
268 2281 332 2350 Sed
342 2298 376 2349 et
385 2281 514 2372 Virgilii
524 2305 563 2348 ac
573 2284 639 2350 Titi
650 2282 733 2347 Livii
744 2282 867 2373 scripta
876 2296 910 2346 et
919 2279 1186 2370 imagines,pau·

127 2390 199 2461 lum
215 2391 336 2469 abfuit,
350 2394 433 2484 quin
445 2417 487 2457 ex
499 2392 657 2459 omnibus
669 2390 879 2459 bibliothecis
890 2407 1063 2459 amoveret
1075 2417 1083 2456 :
1099 2413 1184 2485 quo-

125 2634 324 2697 Ascalonitam,
336 2635 380 2704 qui
390 2635 416 2683 in
427 2633 530 2685 deliciis
541 2636 565 2686 ei
575 2637 633 2688 fue·
716 2655 739 2689 a.
756 2638 817 2689 Nou
830 2637 1026 2709 potuerintcill.
1039 2637 1184 2702 valuerint,

127 2730 176 2768 rat.
187 2714 265 2766 Conf.
277 2713 343 2777 Dio,
354 2713 460 2778 th,5.
472 2713 579 2784 Apelles
590 2715 632 2767 hic
679 2716 752 2788 quotl
770 2716 804 2768 de
822 2715 950 2784 homine,
972 2728 1017 2768 aut
1035 2716 1068 2767 iis
1085 2715 1183 2781 rebus,

126 2809 182 2861 est,
197 2811 276 2866 quem
291 2805 405 2843 veterem
421 2791 632 2847 Ascalonitarum
679 2796 776 2868 quibus
795 2797 891 2866 agendi
908 2795 950 2847 vel
969 2793 1113 2867 praestandi
1134 2792 1184 2869 ali·

125 2871 303 2945 crgaludaeos
313 2870 472 2922 simultatem
484 2876 633 2927 exercuisse
678 2876 742 2948 quid
753 2877 880 2941 facultas,
892 2879 970 2927 unice
978 2875 1044 2940 dici,
1054 2878 1113 2943 jure
1123 2893 1184 2926 con·

126 2953 190 3006 dicit
205 2951 397 3003 infensissimus
410 2948 448 3001 llll
462 2951 553 3018 Philo,
569 2954 630 3023 Leg.
676 2957 791 3009 tendunt
804 2960 944 3009 Burmann,
959 2971 984 3008 et
997 2954 1121 3009 Oudend.
1135 2957 1185 3007 nisi

128 3032 162 3084 atl
175 3032 276 3083 Caium.
678 3039 737 3109 quis
752 3055 813 3087 eum
827 3036 940 3086 Mullero
955 3034 1042 3105 legere
1057 3033 1131 3086 malit
1145 3052 1185 3085 re-

163 3130 187 3164 2.
208 3111 364 3162 Demetetur.
380 3112 418 3161 lta
432 3109 548 3163 reddidit
561 3113 632 3165 Grae·
676 3117 779 3169 stituere
801 3115 949 3181 valuerint,
971 3113 1027 3166 scil.
1050 3113 1182 3166 homines.

125 3193 202 3254 vius,
218 3208 265 3259 pro
280 3186 350 3258 vulg.
363 3189 488 3242 densetur.
677 3199 763 3246 Antea
773 3197 824 3247 suis
832 3215 882 3266 pro
893 3194 970 3247 saluis
980 3192 1048 3244 male
1059 3212 1183 3247 correxe-

161 3268 280 3320 XXXlV.
305 3284 326 3318 ι.
345 3267 472 3320 Adversus
486 3271 570 3323 ominis
583 3273 632 3322 oevi
676 3290 739 3328 runt
751 3280 875 3327 Torreat.
889 3291 914 3327 et
928 3277 1040 3346 Lipsius.

126 3351 263 3402 homiuum
270 3366 361 3418 genus.
371 3349 411 3399 lta
421 3368 452 3400 ex
463 3351 569 3401 illenim.
581 3351 632 3402 edi·
713 3358 738 3409 3,
761 3358 939 3429 Vanaque...
949 3357 1024 3428 poni.
1038 3354 1184 3426 Comparat

124 3431 162 3482 dit
172 3426 347 3496 Oudendorp.
359 3428 631 3497 probansGraeviiele·
677 3434 790 3487 Casaub.
808 3434 910 3486 Claudii
922 3432 957 3485 de
975 3453 1002 3484 re
1018 3432 1112 3485 eadem
1125 3433 1183 3486 edi·

123 3522 232 3582 gantem
251 3508 451 3575 conjecturam,
475 3532 486 3553 a
503 3508 630 3562 adversus
676 3526 764 3579 ctum,
781 3513 855 3586 quod
871 3514 950 3565 affert
966 3514 1034 3577 Dio,
1053 3511 1118 3581 LX,
1133 3516 1183 3581 25,

124 3605 201 3639 omne
211 3586 297 3635 omnis
307 3586 355 3634 uri
364 3583 502 3636 hominum
513 3605 626 3656 genus.»
675 3595 723 3646 ubi
740 3595 842 3646 Fabric.
861 3594 954 3645 laudat
968 3593 1128 3662 Frigelium‚
1147 3594 1182 3646 de

123 3667 167 3720 Al.
177 3666 296 3718 aduersus
305 3683 382 3716 oraine
389 3684 472 3738 genus
482 3665 631 3736 lominum,
675 3672 773 3725 statuis
783 3677 977 3735 Romanorum,
989 3690 1046 3742 cap.
1063 3689 1107 3738 ro,
1117 3692 1182 3744 pag.

123 3746 170 3798 nbi
188 3746 273 3798 omnis
284 3743 349 3808 tevi,
365 3744 438 3817 quod
451 3749 629 3799 necessarium
677 3769 709 3822 77
725 3772 780 3823 seq.
800 3755 850 3803 Pro
864 3754 948 3823 poni,
966 3751 1071 3802 Muller.
1088 3752 1182 3805 suadet

123 3827 157 3879 atl
170 3825 286 3877 auctoris
301 3824 460 3889 consilium,
476 3824 545 3876 male
559 3825 629 3878 desi·
676 3831 782 3901 reponi,
796 3831 923 3901 absorpto
937 3847 962 3880 re
973 3849 988 3881 a
1001 3829 1114 3900 praeced.
1130 3852 1181 3883 au·
1213 3834 1217 3839 ’

123 3907 239 3958 deratur.
256 3905 397 3955 Burmann.
412 3918 437 3956 et
449 3907 553 3958 Ernest.
567 3906 628 3958 red·
675 3921 752 3961 ctore.

123 3984 249 4037 diderunt
273 3981 343 4054 vulg.
372 3983 521 4037 uadversus
543 3989 628 4038 omnis
711 3990 736 4056 4.
753 3990 1179 4059 BitenaExmargineintrusum

123 4066 170 4115 nvi
184 4063 314 4114 homines.
327 4086 337 4109 a
673 4066 787 4121 videtur.
803 4072 842 4121 lta
855 4069 933 4121 etiam
946 4066 1070 4120 Oudend.
1082 4081 1108 4120 et
1118 4069 1181 4121 Era.
