2648 4800
529 429 785 494 ornicum.
1144 459 1182 525 19

129 563 254 641 BEBO,
264 560 395 645 QUAM
403 560 546 624 CAIUM
556 556 698 623 ΗΑΒΕΟ
709 559 767 623 ET
776 554 966 624 SORORES
975 559 1094 642 EJUS;
1104 562 1186 628 item

130 669 349 742 relationibus
362 666 566 736 Consulum:
582 670 705 754 QUOD
716 668 874 734 BONUM
885 670 1107 755 FELIXQUE
1118 674 1188 741 SIT

128 790 168 855 C.
190 785 349 852 CAESARI
374 782 706 864 SORORlBUSQUE
729 783 841 848 EJUS.
867 782 941 846 Pari
964 780 1188 874 popularitate

131 895 310 965 damnatos
321 890 559 984 relegatosque
571 891 731 957 restituit:
746 891 1008 984 criminumque,
1023 892 1051 957 si
1063 915 1131 985 qua
1140 914 1190 959 re-

131 1006 230 1076 sidua
244 1028 285 1072 ex
302 1007 418 1098 priore
433 1018 585 1094 tempore
599 1002 800 1081 manebant,
818 1001 970 1068 omnium
986 1003 1128 1091 gratiam
1141 1000 1189 1069 fe-

130 1118 178 1184 cit
186 1118 225 1182 ¹⁰.‘
234 1116 517 1193 Commentarios,
532 1109 575 1178 ad
598 1114 715 1177 matris
734 1111 946 1204 fratrumque
961 1134 1102 1178 suorum
1114 1135 1192 1179 cau·

132 1250 194 1295 sas·
205 1228 431 1318 pertinentes,
445 1248 489 1290 ne
504 1225 558 1289 cui
572 1220 791 1313 postmodum
803 1219 944 1287 delatori
960 1237 1019 1289 aut
1032 1210 1108 1289 iesti
1122 1247 1193 1291 ma·

133 1353 232 1406 neret
241 1335 332 1405 ullus
344 1352 475 1415 metus,
488 1351 668 1401 convectos
679 1337 714 1400 in
729 1339 871 1414 Forum,
889 1349 923 1399 et
936 1348 1014 1399 ante
1029 1333 1120 1402 clare
1134 1334 1194 1402 ob-

133 1467 277 1519 testatus
293 1455 400 1530 Deos,
420 1468 533 1541 neque
548 1445 689 1537 legisse,
709 1440 820 1539 neque
832 1447 981 1537 attigisse
995 1448 1195 1540 quicquam,

133 1561 408 1629 concremavit¹¹.
431 1557 601 1625 Libellum
619 1557 662 1624 de
681 1555 789 1625 salute
806 1581 868 1624 sua
885 1554 1037 1623 oblatum
1053 1580 1123 1624 non
1142 1581 1196 1624 re-

135 1676 247 1765 cepit,
274 1668 502 1757 contendens,
525 1667 632 1736 anihil
655 1667 717 1735 sibi
736 1665 939 1750 admissum,
957 1691 1019 1734 cur
1035 1670 1193 1764 cuiquam

135 1785 267 1850 invisus
279 1799 383 1850 esset:
398 1813 411 1843 n
427 1784 645 1876 negavitque,
663 1804 699 1848 se
714 1780 920 1848 delatoribus
936 1805 1037 1848 aures
1052 1780 1187 1851 babere.

184 1899 273 1961 xvl.
300 1896 476 1986 Spintrias¹
503 1910 774 1961 monstrosarum
796 1891 992 1975 libidinum,
1018 1917 1123 1984 aegre,
1147 1918 1191 1962 ne

137 2002 308 2099 profundo
327 2022 513 2096 mergeret,
531 2021 707 2087 exoratus,
728 2003 820 2071 Urbe
839 2006 1034 2071 summovit.
1050 2006 1118 2070 Titi
1131 2008 1194 2072 La-

138 2117 267 2196 bieni²,
281 2112 382 2181 Cordi
398 2111 595 2195 Cremutii³‚
613 2117 717 2181 Cassii
733 2112 865 2184 severit
879 2116 1019 2205 scripta,
1038 2117 1196 2184 Senatus·

180 2338 219 2373 ιο.
242 2319 441 2392 criminumque
442 2358 515 2371 .....
527 2318 646 2370 omnium
694 2321 746 2386 rit,
764 2336 843 2369 nemo
860 2321 1050 2388 interpretatus
1070 2333 1125 2386 est,
1147 2323 1198 2376 uisi
1247 2388 1252 2401 ι

180 2496 219 2531 ιι.
241 2479 483 2531 Commentarios...
498 2495 649 2529 concrema·
693 2478 855 2531 anteoculos
865 2477 964 2529 bircosi
974 2478 1199 2535 stolidisenisrs·

143 2561 187 2612 vit.
202 2558 282 2611 cont.
296 2558 444 2625 Dio,LlX‚
455 2556 507 2625 det
517 2554 543 2607 6.
555 2559 649 2609 Postea
692 2557 889 2630 presentabant
902 2557 1037 2628 spinteres,
1054 2560 1071 2611 i.
1088 2577 1111 2611 e.
1127 2575 1199 2614 cate·

144 2654 232 2690 tamen
251 2636 341 2708 plures
356 2649 464 2706 argutos
482 2649 571 2689 narrat
588 2654 647 2707 cap.
694 2637 770 2689 nulas
778 2637 862 2688 tribus
870 2635 1106 2708 symplegmatibus
1116 2658 1200 2693 aunu-

148 2737 191 2782 ro,
201 2716 231 2769 is
240 2715 286 2769 mir
298 2713 460 2784 γραμμάτων,
471 2711 489 2769 ai
499 2736 650 2767 samuuu·
694 2716 781 2767 lorum
789 2732 931 2768 connexas.
940 2713 1091 2779 Pudeathic
1099 2735 1200 2770 memo-

145 2795 205 2849 rinn
221 2781 281 2847 nuri
299 2795 351 2859 ἔφη.
371 2792 438 2847 Vide
452 2809 479 2846 et
494 2795 555 2861 LX,
572 2793 604 2861 ti,
622 2796 649 2846 in
695 2815 753 2847 rare
768 2813 844 2867 reges
857 2808 882 2845 ct
900 2812 991 2864 regum
1004 2797 1088 2847 vicem
1102 2815 1200 2866 geren·

146 2879 196 2929 vita
205 2873 318 2930 Claudii.
331 2875 457 2946 Exempla
468 2875 594 2941 aliorum,
604 2874 651 2944 qui
695 2889 734 2927 tes
746 2876 772 2925 iu
787 2874 907 2926 Borussia
922 2887 949 2925 et
960 2872 1046 2924 Gallia
1063 2877 1200 2946 superiore

146 2956 237 3009 eadem
249 2956 332 3006 animi
345 2953 540 3025 magnitudine,
553 2968 580 3005 et
588 2971 651 3005 vera
696 2955 791 3008 sarculo
803 2951 1000 3006 celeberrimos.
1014 2954 1061 3005 En.

148 3032 651 3105 quidem,nonficta,ultiouisrnate·
733 3053 758 3087 a.
789 3034 844 3086 Titi
863 3031 979 3083 Labieni.
1003 3033 1042 3083 De
1066 3033 1119 3086 boc
1141 3035 1201 3088 vide

148 3117 209 3167 riam
231 3115 354 3166 crematis
374 3114 545 3165 inimicorum
568 3111 652 3166 literis
696 3112 843 3183 Glandorp.
876 3112 1016 3165 Onomast.
1049 3131 1110 3185 pag.
1140 3114 1201 3184 514.

149 3195 196 3246 ¹‹ibi
208 3192 414 3266 praecluserunt,
427 3191 533 3265 collegit
547 3190 651 3243 Fabric.
733 3195 758 3247 3.
769 3193 845 3246 Cordi
854 3190 1148 3247 Cremastvidfftber.
1157 3197 1201 3249 61.

150 3272 180 3323 ad
194 3273 276 3324 Dion.
288 3270 363 3337 th,
376 3268 421 3321 63.
734 3273 759 3339 4.
782 3271 860 3325 Cassii
877 3271 973 3324 Seueri.
992 3270 1032 3322 De
1047 3269 1100 3325 boc
1116 3275 1201 3327 Tacit.

182 3351 251 3403 XVI.
275 3368 297 3402 ι.
319 3349 456 3420 spintrias.
477 3349 544 3402 Vide
564 3348 652 3401 Tiber.
698 3351 795 3405 Anual.
813 3354 840 3416 1,
857 3367 907 3420 72,
928 3350 1051 3403 :Primus
1066 3353 1203 3422 Augustus

150 3432 196 3499 43,
214 3450 246 3484 ex
260 3449 315 3501 quo
332 3428 394 3480 loco
406 3427 486 3481 rerba
499 3441 653 3482 monstrosa·
699 3434 878 3505 cognitionem
899 3429 933 3482 de
954 3430 1063 3483 famosis
1085 3431 1204 3499 libellis,

150 3530 203 3562 rum
220 3509 361 3562 libidinum
382 3508 495 3579 repetita
512 3507 655 3560 arbitratur
700 3515 786 3583 specie
802 3511 866 3580 legis
878 3513 935 3581 ejus
946 3508 1137 3582 (majestatis),
1152 3525 1204 3567 tra·

150 3589 302 3652 Ernestius,
320 3586 454 3658 probante
475 3584 599 3637 Oudend.
622 3587 655 3637 At
700 3593 796 3657 ctnvit,
813 3602 962 3641 commotus
977 3589 1060 3642 Cassii
1074 3592 1163 3644 Severi
1176 3591 1206 3643 li·

150 3669 184 3719 ita
208 3666 386 3739 glossatorem
411 3678 480 3735 puto
504 3663 656 3716 additurum
700 3667 1206 3740 hmine,quavirosfeminmueillu.

151 3747 228 3796 etiam
241 3743 324 3794 fuisse
334 3741 495 3793 voctbulum
505 3753 655 3813 repertores,
701 3762 767 3802 stres
784 3745 943 3818 procacibus
961 3748 1065 3817 scriptis
1082 3747 1207 3800 diffami-

152 3824 286 3876 olieusum
295 3819 348 3872 boc
357 3839 409 3872 usu
418 3821 542 3892 genitivi3
552 3840 583 3872 ac
590 3819 658 3872 Mul·
702 3843 792 3891 verffi
804 3851 815 3875 ι.
828 3840 853 3879 01
863 3829 912 3893 IV,
923 3843 952 3878 21
962 3864 970 3892 ‚
984 3849 994 3871 a
1005 3825 1127 3881 Relatum
1138 3842 1165 3880 οι
1173 3828 1207 3879 de

153 3901 196 3954 lsr.
209 3900 339 3955 excidisse
349 3902 429 3952 etiam
439 3913 528 3952 censet
541 3900 658 3953 inuento·
703 3907 796 3959 Cassio
815 3905 911 3959 Severo
931 3904 1035 3970 exsule,
1056 3907 1117 3979 qui,
1131 3920 1182 3958 etc.
1194 3930 1206 3954 ι

154 4001 208 4043 ms·
219 3983 310 4053 P⁰1i⁰⁸
322 3993 468 4052 '‘P‘t'lvm·
481 3979 604 4033 Tiberius
615 3980 660 4052 qul
704 3988 833 4039 llistorias
852 4004 911 4036 eum
932 3987 1085 4054 scripsisse,
1104 3997 1177 4055 patet
1194 4006 1209 4039 e

153 4060 202 4114 bos
212 4060 397 4115 adolescentes
409 4062 515 4113 vocavit
528 4061 659 4133 spintrias,
704 4066 814 4130 Nostro,
832 4062 921 4115 Vitell.
941 4080 964 4112 a.
983 4060 1062 4112 Plura
1084 4061 1155 4133 Lips.
1175 4054 1210 4116 asl

156 4140 228 4194 unde
242 4140 308 4193 illud
319 4141 481 4194 vocabulum
496 4141 661 4210 excogitave-
705 4146 790 4195 Tacit.
800 4145 848 4205 lV,
860 4159 888 4194 ar
899 4179 907 4201 ,
919 4154 944 4191 et
955 4137 1101 4211 Glandorp.
1111 4161 1138 4213 p.
1149 4161 1208 4213 ²⁰9·

1039 4242 1074 4295 α]
