2648 4800
200 404 242 482 24
422 487 425 498 Ι
576 402 612 464 C.
639 400 874 495 SUETONH

198 502 348 593 siccensis
364 541 434 592 tota
454 524 544 593 Urbe
563 524 760 593 luminibus.
779 527 908 618 Sparsit
920 540 953 591 et
968 526 1126 594 missilie²
1144 530 1252 605 verin-

197 662 421 718 rumetum,
438 655 472 708 et
487 639 628 730 panaria
644 663 722 705 cum
738 641 882 729 opsonio
896 639 1019 703 viritim
1036 637 1158 706 divisit.
1177 642 1253 724 Qun

198 745 390 839 epulatione
401 748 516 840 Equiti
524 750 694 832 Romano,
707 761 822 813 contra
835 742 889 812 se³
904 743 1043 812 hilarius
1051 744 1254 840 avidiusque

183 859 362 940 uescenti,
378 872 493 950 partes
512 880 591 925 suas
609 858 720 923 misit:
742 853 801 923 sed
819 873 853 923 et
868 859 1019 924 Senatori
1039 854 1082 923 ob
1096 857 1253 925 eamdem

199 991 336 1036 causam
348 967 536 1049 codicillos,
554 967 678 1062 quibus
697 973 878 1034 Praetorem
894 991 973 1033 eum
989 978 1083 1034 extra
1098 964 1254 1035 ordinem

199 1077 407 1170 designabat.
426 1077 540 1146 Edidit
557 1095 592 1146 et
608 1080 781 1146 Circenses
799 1077 963 1169 plurimos
982 1102 1003 1143 a
1021 1101 1121 1143 mane
1143 1101 1253 1172 usque

199 1187 243 1255 ad
260 1212 456 1283 vesperam,
477 1185 653 1281 interjecta
672 1187 774 1255 modo
793 1187 1041 1255 Africanarmnl
1058 1189 1252 1274 venatione,

199 1298 302 1366 modo
318 1297 430 1393 Trojae
447 1299 666 1367 decursione:
686 1317 720 1367 et
734 1299 901 1394 quosdam
919 1301 1128 1391 praecipuos,
1147 1303 1254 1367 minio

199 1406 233 1476 el
251 1408 481 1503 chrysocolla⁵
500 1427 671 1478 constrato
685 1413 798 1490 Circo,
818 1434 881 1477 nec
899 1409 997 1490 ullis,
1015 1411 1079 1477 nisi
1098 1431 1140 1476 ex
1159 1434 1255 1477 sene·

199 1523 286 1587 torio
302 1519 436 1604 ordine,
454 1519 696 1612 aurigantibus.
711 1522 884 1587 Commisit
898 1536 931 1586 et
946 1519 1092 1600 subitos,
1110 1544 1219 1615 quum
1235 1545 1253 1588 e

100 1680 104 1689 .
199 1628 392 1697 Gelotiana⁶
408 1647 608 1723 apparatum
623 1633 709 1698 Circi
725 1632 987 1723 prospicientem
1002 1632 1103 1722 pauci
1119 1653 1162 1697 ex
1177 1654 1255 1722 pro-

200 1740 298 1806 ximis
310 1742 503 1807 lllaenianis⁷
516 1739 756 1831 postulassent.

247 1853 335 1915 xlx.
363 1854 496 1916 Novum
510 1866 673 1940 praeterea
688 1864 792 1942 atque
803 1847 994 1916 inauditum
1006 1872 1113 1940 genus
1125 1864 1254 1941 specte·

201 1959 270 2028 culi
283 1963 491 2051 excogitavit.
513 1965 597 2029 Nam
616 1963 773 2028 Baiarum
791 1959 941 2027 medium
959 1958 1174 2027 intervallum
1192 1965 1256 2028 Pu-

201 2071 353 2141 teolanus
374 2074 416 2141 ad
440 2073 567 2155 moles,
589 2075 692 2139 trium
710 2071 854 2140 millium
875 2089 909 2139 et
929 2091 1164 2141 sexcentorum
1185 2073 1255 2140 lere

203 2209 381 2278 passuum,
396 2204 500 2279 ponte
515 2183 703 2279 conjunxit¹
715 2238 724 2266 ,
738 2187 916 2253 contractis
930 2185 1079 2279 undique
1093 2187 1254 2251 onerariis

240 2453 263 2484 α.
278 2434 379 2506 Sparsit
387 2436 528 2488 etmissilia
536 2474 545 2502 ,
559 2449 582 2486 et
594 2449 706 2486 tesseras
752 2433 785 2484 de
800 2435 916 2486 Turneb.
932 2433 1041 2486 Advers.
1055 2433 1144 2498 xxn,
1161 2432 1212 2495 3ο,
1231 2445 1256 2484 et

203 2513 346 2565 distribuit.
362 2513 426 2579 Dio,
436 2515 509 2579 LIX,
521 2533 548 2583 9.
563 2514 603 2564 Dc
613 2513 653 2565 bis
664 2525 708 2566 tes·
752 2510 859 2564 Gruteri
878 2514 1000 2582 Inscript.
1025 2530 1087 2582 pag.
1106 2511 1255 2574 DXCVIss,

203 2593 264 2645 seris
273 2607 298 2643 et
310 2593 448 2646 missilibus
454 2592 514 2645 vide
526 2595 595 2664 Lips.
609 2592 642 2645 de
652 2595 708 2645 Ma·
754 2607 778 2660 7.
793 2589 834 2641 Al.
849 2589 905 2664 lepe
915 2590 1043 2641 Lucieno.

204 2674 333 2742 gnllom.
342 2675 379 2737 ll,
390 2689 416 2723 ιι
427 2675 556 2733 5Reimar.
566 2672 598 2724 ad
608 2673 707 2744 Xiphil.
790 2686 815 2738 7.
825 2669 976 2721 Maeuianis.
983 2670 1091 2720 Festus:
1105 2669 1257 2720 «Maeuiena
1275 2725 1277 2729 y

204 2753 274 2816 Lxl,
286 2754 330 2813 183
340 2753 424 2822 ipsam
432 2751 710 2824 deniquedescriptio·
753 2751 863 2803 edificia
875 2769 890 2801 a
900 2750 995 2800 Maenio
1009 2763 1070 2801 sunt
1079 2748 1212 2820 appellnta
1220 2770 1228 2812 ς
1236 2751 1258 2801 is
1309 2793 1311 2804 .

205 2850 267 2884 uem
279 2832 427 2903 Xipbilini,
441 2833 538 2898 va1‚
554 2834 596 2886 25.
754 2832 824 2882 enim
834 2831 935 2901 primus
945 2829 1014 2880 ultre
1022 2828 1159 2880 columnas
1169 2842 1258 2880 exten-

241 2910 266 2962 3.
280 2911 374 2962 Contra
384 2930 409 2963 se
416 2932 425 2973 ,·
436 2930 467 2963 ex
478 2911 587 2962 adverso
598 2911 710 2963 discum·
755 2910 793 2961 dit
805 2908 891 2978 ligna,
906 2926 960 2980 quo
973 2908 1164 2979 ampliarentur
1176 2925 1259 2979 snpe-

204 2988 288 3039 benti.
312 3018 348 3028 —
370 2989 509 3054 Senatori,
525 3004 575 3042 etc.
591 2989 709 3060 Caligula
755 2991 856 3040 rioraa
883 2990 950 3056 Quis
968 2987 1013 3039 ille
1031 2989 1141 3038 blaenius
1161 2987 1259 3050 fuerit,

203 3067 710 3137 jaminsaniebat,huncl’raetoremob
755 3070 892 3121 incertum.
917 3068 981 3119 Vide
999 3081 1088 3119 tamen
1107 3069 1208 3119 Donet.
1227 3065 1260 3119 de

207 3145 275 3216 gule
290 3147 443 3200 aviditatem
455 3147 628 3218 designando.
756 3148 829 3201 Urbe
842 3150 943 3215 Roma,
957 3150 996 3214 ll,
1012 3165 1054 3216 27.

243 3226 268 3291 4.
280 3225 416 3296 Africano
426 3226 536 3293 belluae,
546 3229 639 3299 tigres,
649 3247 713 3300 pon·
791 3228 877 3278 XlX..
886 3245 907 3278 1.
921 3229 993 3280 Nam
1006 3227 1169 3278 Baranam...
1180 3228 1261 3277 inter-

207 3305 286 3356 therro
308 3327 313 3356 :
337 3305 460 3358 absolute
480 3308 615 3378 positum,
636 3322 665 3359 ut
687 3322 713 3360 et
758 3306 901 3376 vallum...
927 3319 1009 3379 ponte
1022 3307 1167 3378 conjunxit.
1183 3309 1262 3359 Non·

208 3382 309 3451 libyeae
320 3381 453 3435 dicuntur.
757 3387 824 3439 nulli
838 3386 941 3438 addunt
953 3400 1016 3459 post
1029 3405 1150 3457 passuum
1164 3384 1260 3438 vocab.

131 3517 135 3527 Ι
244 3461 269 3513 5.
287 3463 464 3534 Chrysorolle.
476 3464 515 3514 De
524 3465 575 3516 hac
585 3464 712 3517 vidl’lin.
758 3466 886 3536 spatium,
914 3463 988 3536 quod
1012 3466 1113 3537 recepit
1136 3464 1261 3518 Oudend.

208 3542 274 3592 Hist.
287 3541 349 3593 Not.
362 3544 487 3606 xxxut,
501 3542 516 3592 5
528 3542 606 3612 (ab).
622 3542 693 3595 ldem
705 3565 711 3592 :
760 3547 805 3615 qui
815 3545 902 3596 locum
914 3545 978 3597 alias
988 3556 1144 3616 corruptum
1154 3559 1262 3612 censet,

210 3641 221 3663 ι
233 3620 378 3690 Visumque
389 3623 446 3689 jam
459 3634 498 3672 est
508 3622 623 3673 Neronis
636 3625 713 3675 Prin·
758 3616 848 3674 nescio
858 3642 892 3675 an
902 3625 981 3674 nimis
992 3625 1106 3694 quesitis
1117 3621 1264 3676 difficulta-

208 3700 275 3768 cipis
299 3699 481 3769 spectaculis,
511 3718 616 3751 arenam
643 3701 713 3753 Circi
759 3702 839 3754 tibus.
861 3703 979 3754 bremius
997 3707 1074 3755 etiam
1093 3701 1265 3773 reprehendit

208 3776 374 3848 chrysocolla
384 3781 482 3843 sterni,
493 3797 574 3848 quum
585 3781 643 3850 ipse
651 3799 714 3831 con·
758 3795 912 3847 auctorem,
927 3782 1000 3853 quod
1011 3783 1125 3834 medium
1139 3780 1265 3835 interual-

208 3854 292 3905 coluri
313 3873 404 3926 panno
423 3859 592 3926 aurigaturus
610 3872 688 3911 esset.
700 3883 711 3905 ι
759 3862 830 3927 lum,
850 3881 922 3925 non,
943 3876 972 3913 ut
991 3882 1031 3913 res
1051 3875 1122 3923 erat,
1141 3862 1221 3914 Baius
1239 3872 1264 3912 et

208 3935 328 3984 lmitatus
337 3936 417 4002 igitur
426 3950 465 3986 est
478 3937 550 3986 Nero
562 3937 668 4003 Caium,
680 3936 713 3989 de
758 3938 918 3993 Puteolanas
927 3939 1007 3992 moles
1016 3943 1263 4010 pontecoujunctas

208 4033 265 4082 quo
281 4026 351 4065 tacet
364 4013 470 4067 Plinius.
758 4017 831 4069 dixit.
851 4018 901 4070 sed
918 4020 943 4070 in
965 4017 1043 4069 verbo
1060 4018 1212 4090 conjunxit,
1232 4035 1262 4072 tu

244 4095 269 4145 l'r.
292 4092 481 4161 EGelotr'anu,
496 4097 551 4148 scil.
566 4096 655 4149 domo.
670 4098 714 4147 Vi·
760 4115 845 4167 sepe,
865 4096 937 4149 eliud
953 4096 1018 4148 latet
1031 4098 1158 4162 verbum,
1176 4112 1205 4151 ut
1218 4116 1264 4168 sto·
