2648 4800
508 377 544 442 C.
570 378 805 444 SUETONll

132 504 335 596 gravissimis
347 505 524 572 tormentis
537 501 580 571 de
593 503 719 573 scelere
733 507 866 597 patroni
877 509 1078 575 reticuisset„
1091 512 1185 595 Quas

131 612 176 680 oh
191 636 245 681 res
262 616 351 681 inter
363 611 513 708 reliquos
527 612 674 682 honores
686 610 841 684 decretus
856 633 908 684 est
923 620 953 685 ei
969 616 1112 710 clypeus
1125 644 1186 687 au·

130 721 260 808 reus¹⁶,
277 749 380 820 quem
394 727 576 820 quotannis
588 741 681 794 certo
695 723 749 793 die
764 724 904 817 collegia
920 727 1134 801 sacerdotum
1149 732 1186 797 in

130 835 335 929 Capitolium
358 836 502 920 ferrent,
527 842 653 907 Senatu
680 855 922 932 prosequente,
946 837 1186 934 nobilibusque

129 948 246 1041 pueris
258 970 297 1014 ac
308 946 432 1040 puellis
445 952 594 1015 carmine
610 947 784 1016 modulato
796 946 914 1016 laudes
930 952 1094 1017 virtutum
1111 947 1186 1042 ejus

129 1057 339 1126 canentibus.
360 1065 541 1128 Decretum
562 1078 693 1142 autem,
713 1077 750 1128 ut
768 1059 855 1143 dies,
875 1086 942 1155 quo
960 1063 1105 1152 cepisset
1125 1065 1188 1127 im·

133 1173 283 1262 perium,
305 1172 464 1238 Parilia¹⁷
486 1188 675 1249 vocaretur,
696 1171 789 1240 velut
806 1191 1045 1264 argumentum
1065 1197 1186 1241 rursus

130 1279 274 1347 conditae
291 1280 405 1349 Urbis.

175 1393 281 1458 XVll.
305 1390 508 1460 Consulatus
521 1410 667 1488 quatuor
678 1397 796 1485 gessit:
810 1397 958 1486 primurn
970 1418 1011 1461 ex
1024 1393 1186 1463 Kalendis

130 1499 244 1568 luliis¹
259 1525 321 1595 per
334 1501 421 1571 duos
436 1527 588 1586 menses;
606 1504 813 1572 secundum²
829 1530 872 1572 ex
886 1502 1044 1573 Kalendis
1060 1508 1186 1573 lanua-

130 1611 188 1677 riis
205 1633 268 1701 per
286 1613 424 1703 triginta
440 1611 531 1694 dies;
551 1615 706 1680 tertium³
726 1616 891 1708 usquein
912 1612 992 1681 ldus
1012 1617 1184 1697 lanuarii3

130 1719 311 1813 quartuml
324 1745 433 1816 usqne
451 1725 484 1788 in
502 1727 685 1817 septimum
704 1722 784 1792 ldus
801 1722 946 1792 easdem.
967 1729 1016 1799 Ex
1027 1723 1186 1793 omnibus

130 1832 217 1902 duos
242 1836 444 1903 novissimos
471 1833 678 1928 conjunxit⁵.
705 1839 858 1904 Tertium
886 1853 999 1904 autern
1026 1835 1187 1930 Lugduni

132 399 175 444 22

128 2094 224 2160 penta,
239 2102 296 2155 quae
308 2084 430 2157 profecto
443 2102 544 2136 summa
556 2082 635 2136 fidem
681 2084 796 2135 muneris
817 2096 937 2154 ternpore
957 2083 1056 2134 functis
1075 2081 1187 2135 alterius

131 2161 244 2216 excedit.
681 2165 812 2216 semestris
825 2165 900 2215 initio
913 2163 1049 2215 successit.
1064 2162 1104 2212 Cf.
1117 2163 1187 2225 Dio,

171 2242 211 2295 16.
233 2244 345 2316 Clypem
355 2264 463 2307 aurens,⁸
475 2245 503 2297 id
515 2258 569 2312 est,
582 2244 638 2318 cly-
680 2242 754 2308 Llll,
764 2243 795 2306 6,
805 2243 918 2294 Ernestii
930 2243 1037 2292 Excurs.
1049 2237 1120 2291 adh.
1132 2237 1150 2291 l.
1161 2252 1188 2292 et

131 2336 210 2395 penta
221 2325 316 2392 imago.
326 2323 446 2376 Macrob.
456 2324 562 2376 Saturn.
572 2327 595 2390 l,
606 2325 635 2375 3:
681 2321 805 2373 Oudend.
818 2335 876 2374 not.
890 2352 926 2362 -
940 2321 992 2372 Per
1004 2320 1066 2372 duos
1080 2338 1187 2373 menses.

134 2426 146 2448 a
156 2402 246 2468 Quum
259 2404 286 2452 in
297 2420 329 2452 ea
340 2404 494 2473 provincia,
511 2421 590 2472 quarn
602 2401 636 2466 Q.

131 2482 225 2535 (ilceto
238 2480 319 2530 frater
330 2492 445 2543 rexerat,
460 2477 569 2530 vidisset
582 2477 639 2548 cly-

130 2568 237 2633 peatam
251 2559 393 2631 imaginem
405 2560 475 2628 ejus,
486 2557 639 2626 ingentibus

132 2638 300 2691 lineamentis
324 2656 409 2707 nsque
435 2636 469 2688 ad
489 2651 583 2708 pectus
608 2656 640 2689 ex

133 2735 208 2770 more
222 2719 338 2788 pictam,
350 2728 422 2767 etc·
438 2717 576 2767 Vucarunt
590 2715 638 2769 lras

134 2798 262 2868 imagines
277 2807 303 2846 et
315 2805 395 2848 scuta.

173 2894 214 2946 17.
243 2874 346 2928 Parilia
354 2897 363 2935 ;
384 2894 432 2928 seu
453 2873 562 2926 Palilia.
584 2875 639 2924 Pri·

136 2956 238 3010 mordia
255 2956 335 3009 Urbis
352 2956 404 3008 hoc
421 2956 489 3007 festo
506 2954 561 3025 (Xl
578 2953 637 3006 Kal.

133 3036 217 3106 Mai.)
230 3034 445 3089 celebrabantur.
464 3032 532 3084 Vide
547 3035 637 3084 llosin.

134 3118 196 3170 Ant.
218 3116 294 3166 llum.
316 3116 365 3182 IV,
384 3114 416 3177 8,
436 3131 496 3183 pag.
515 3111 566 3163 266
582 3130 638 3182 seq.

133 3193 639 3258 Ceterum,similishonorCtesaricon·

133 3278 248 3348 tigerat,
262 3293 323 3327 curn
336 3274 495 3326 solennitate
506 3270 587 3341 hujus
601 3271 639 3322 fe·

135 3359 169 3410 sti
187 3357 365 3427 conjunctus;
387 3355 453 3418 Dio,
475 3353 573 3415 XLlll,
594 3349 637 3416 4²·

170 3434 251 3486 xvlt.
280 3450 302 3484 1.
324 3432 445 3484 Primum
465 3449 497 3481 ex
514 3429 641 3482 Kalendis

134 3511 230 3578 Juliis,
249 3527 299 3564 etc.
319 3513 389 3562 Anu.
408 3529 468 3581 79⁰·
490 3511 549 3561 lniit
568 3509 640 3561 hunc

136 3591 306 3645 consulatum
329 3589 457 3642 Kalendis
481 3587 561 3641 Julit's
586 3587 639 3657 (ita

136 3675 206 3725 enirn
221 3672 392 3723 restituerunt
407 3690 421 3720 e
439 3668 511 3721 Mss.
526 3670 640 3720 Torren-

135 3755 188 3804 tius
202 3765 228 3804 et
243 3750 357 3803 Casaub.
373 3770 424 3822 pro
437 3751 528 3820 inepto
539 3750 639 3800 lanua·

682 2401 758 2452 Conf.
771 2404 835 2466 Dio,
847 2401 919 2466 ux,
932 2419 957 2470 9.
973 2401 1088 2452 Nomina
1103 2400 1189 2452 suffe·

681 2493 784 2532 ctorum
797 2484 824 2532 in
838 2482 952 2534 alterum
968 2495 1094 2534 semestre
1109 2482 1188 2552 igno-

682 2577 779 2612 ramus.

720 2655 743 2688 2.
769 2639 934 2705 Secundum,
955 2652 1005 2690 etc.
1030 2638 1100 2688 dnn.
1125 2653 1186 2705 792.

682 2718 890 2783 Di0,1.1x‚13.

719 2796 743 2848 3.
762 2797 891 2862 Tertium,
903 2809 953 2847 etc.
967 2795 1036 2845 dnn.
1049 2794 1109 2864 793.
1122 2793 1189 2859 Dio,

682 2875 756 2939 th,
767 2875 809 2940 nl.
823 2876 992 2944 Quamquam
1002 2888 1090 2925 autem
1102 2892 1189 2944 usque

683 2955 710 3005 in
723 2953 785 3005 ldus
796 2956 903 3006 lanuar.
916 2953 997 3005 modo
1010 2955 1189 3023 gessit,totus

684 3048 771 3085 tamen
783 3053 869 3085 annus
881 3037 937 3104 ejus
948 3033 1189 3105 nominedesigua·

684 3126 727 3163 tus
746 3126 803 3179 est,
823 3131 896 3163 more
914 3111 1018 3163 illorum
1037 3126 1188 3182 temporum

685 3192 803 3258 solenni,
826 3192 897 3245 unde
920 3194 1005 3244 Tacit.
1026 3193 1114 3261 Agric.
1136 3190 1189 3260 ll,

687 3295 698 3319 ι
709 3275 793 3324 Natus
804 3270 988 3343 eratAgriccla
998 3310 1006 3338 ‚
1015 3272 1079 3323 Caio
1088 3271 1189 3323 Caesare

683 3353 789 3402 tertium
804 3351 920 3403 Consule
932 3349 998 3400 ldib.
1010 3346 1104 3400 Juniis.
1117 3371 1128 3395 ι

720 3429 746 3496 4.
762 3431 903 3502 Quartum,
915 3443 965 3480 etc.
976 3429 1045 3480 Anu.
1056 3428 1123 3499 794,
1133 3447 1189 3501 quo

684 3512 762 3580 periit
772 3528 860 3561 mense
870 3508 1008 3561 Januario.

721 3587 746 3640 5.
765 3588 807 3639 Ex
821 3586 979 3639 omnibns...
991 3586 1145 3656 conjunxi&
1160 3587 1190 3637 id

685 3679 741 3730 est,
759 3667 938 3732 continuavit,
958 3680 987 3717 ut
1005 3666 1117 3735 August.
1139 3663 1191 3733 26,

684 3744 724 3797 rel
726 3747 842 3819 junctim
847 3749 924 3820 pessit
929 3785 937 3811 ‚
947 3760 975 3797 ut
983 3745 1076 3798 Claud.
1089 3745 1192 3812 rl,ubi

135 3830 210 3901 riis),
231 3831 357 3901 quoniam
378 3832 405 3879 in
423 3829 497 3898 prins
518 3840 640 3878 semestre
686 3828 832 3895 opponitur
847 3845 895 3897 per
911 3822 1090 3876 interuallum.
1114 3825 1189 3877 Patet

137 3921 297 3980 acceperant
305 3906 432 3959 ordinarii
440 3904 582 3970 Consules,
592 3907 639 3957 Cn.
686 3919 791 3967 autem,
806 3918 853 3958 tres
864 3906 1020 3957 novissimos
1034 3903 1191 3957 consulatus

136 3989 298 4040 Acerronius
310 3986 439 4039 Proculus
452 4001 478 4039 et
491 3987 519 4040 C.
531 3986 641 4038 Pontius
686 4004 748 4036 eum
762 3988 947 4056 conjunxisse,
964 3983 1033 4036 unde
1048 3985 1120 4037 varie
1134 4005 1191 4039 me-

137 4068 278 4138 Nigrinus,
293 4066 389 4138 quibus
405 4066 520 4135 legitimo
533 4064 639 4115 demum
686 4064 742 4117 ‹leri
765 4067 853 4117 conati
875 4079 936 4117 sunt
955 4064 1020 4117 huic
1039 4063 1191 4118 difficultati
