<?xml version="1.0" encoding="UTF-8"?>
<!DOCTYPE html PUBLIC "-//W3C//DTD XHTML 1.0 Transitional//EN"
    "http://www.w3.org/TR/xhtml1/DTD/xhtml1-transitional.dtd">
<html xmlns="http://www.w3.org/1999/xhtml" xml:lang="en" lang="en">
 <head>
  <title>
</title>
<meta http-equiv="Content-Type" content="text/html;charset=utf-8" />
  <meta name='ocr-system' content='tesseract 3.04.00' />
  <meta name='ocr-capabilities' content='ocr_page ocr_carea ocr_par ocr_line ocrx_word'/>
</head>
<body>
  <div class='ocr_page' id='page_1' title='image "bibliothecaclas49lemagoog_0034.png"; bbox 0 0 2648 4800; ppageno 0'>
   <div class='ocr_carea' id='block_1_1' title="bbox 531 404 1286 509">
    <p class='ocr_par' dir='ltr' id='par_1_1' title="bbox 531 404 1286 509">
     <span class='ocr_line' id='line_1_1' title="bbox 531 404 1286 509; baseline 0.004 -33"><span class='ocrx_word' id='word_1_1' title='bbox 531 404 785 477; x_wconf 74' lang='lat' dir='ltr'>cinisum.</span> <span class='ocrx_word' id='word_1_2' title='bbox 1145 417 1183 480; x_wconf 85' lang='lat'>13</span> <span class='ocrx_word' id='word_1_3' title='bbox 1283 503 1286 509; x_wconf 19' lang='grc' dir='ltr'>Ι</span> 
     </span>
    </p>
   </div>
   <div class='ocr_carea' id='block_1_2' title="bbox 130 535 1265 2299">
    <p class='ocr_par' dir='ltr' id='par_1_2' title="bbox 130 535 1265 1497">
     <span class='ocr_line' id='line_1_2' title="bbox 130 535 1187 634; baseline -0.002 -22"><span class='ocrx_word' id='word_1_4' title='bbox 130 547 268 626; x_wconf 83' lang='lat' dir='ltr'>sumsit,</span> <span class='ocrx_word' id='word_1_5' title='bbox 281 541 490 634; x_wconf 85' lang='lat' dir='ltr'>barbamque</span> <span class='ocrx_word' id='word_1_6' title='bbox 501 536 648 631; x_wconf 77' lang='lat' dir='ltr'>posuit³‚</span> <span class='ocrx_word' id='word_1_7' title='bbox 664 539 737 605; x_wconf 89' lang='lat' dir='ltr'>sine</span> <span class='ocrx_word' id='word_1_8' title='bbox 748 535 820 604; x_wconf 94' lang='lat' dir='ltr'>ullo</span> <span class='ocrx_word' id='word_1_9' title='bbox 831 535 976 620; x_wconf 89' lang='lat' dir='ltr'>honore,</span> <span class='ocrx_word' id='word_1_10' title='bbox 989 538 1097 633; x_wconf 89' lang='lat' dir='ltr'>qualis</span> <span class='ocrx_word' id='word_1_11' title='bbox 1109 565 1187 609; x_wconf 93' lang='lat' dir='ltr'>con·</span> 
     </span>
     <span class='ocr_line' id='line_1_3' title="bbox 130 646 1188 748; baseline -0.004 -26"><span class='ocrx_word' id='word_1_12' title='bbox 130 660 253 748; x_wconf 79' lang='lat' dir='ltr'>tigerat</span> <span class='ocrx_word' id='word_1_13' title='bbox 265 653 420 719; x_wconf 91' lang='lat' dir='ltr'>tirocinio</span> <span class='ocrx_word' id='word_1_14' title='bbox 434 650 578 716; x_wconf 84' lang='lat' dir='ltr'>fratrum</span> <span class='ocrx_word' id='word_1_15' title='bbox 594 647 676 742; x_wconf 89' lang='lat' dir='ltr'>ejus.</span> <span class='ocrx_word' id='word_1_16' title='bbox 692 651 754 714; x_wconf 93' lang='lat' dir='ltr'>Hic</span> <span class='ocrx_word' id='word_1_17' title='bbox 767 646 925 714; x_wconf 89' lang='lat' dir='ltr'>omnibus</span> <span class='ocrx_word' id='word_1_18' title='bbox 941 648 1069 716; x_wconf 89' lang='lat' dir='ltr'>insidiis</span> <span class='ocrx_word' id='word_1_19' title='bbox 1083 666 1188 718; x_wconf 87' lang='lat' dir='ltr'>tenta-</span> 
     </span>
     <span class='ocr_line' id='line_1_4' title="bbox 130 756 1187 852; baseline -0.003 -20"><span class='ocrx_word' id='word_1_20' title='bbox 130 784 187 832; x_wconf 91' lang='lat' dir='ltr'>tus</span> <span class='ocrx_word' id='word_1_21' title='bbox 209 763 416 831; x_wconf 87' lang='lat' dir='ltr'>elicientium</span> <span class='ocrx_word' id='word_1_22' title='bbox 436 761 698 852; x_wconf 75' lang='lat' dir='ltr'>cogentiumque</span> <span class='ocrx_word' id='word_1_23' title='bbox 719 782 755 825; x_wconf 90' lang='lat' dir='ltr'>se</span> <span class='ocrx_word' id='word_1_24' title='bbox 776 756 820 824; x_wconf 92' lang='lat' dir='ltr'>ad</span> <span class='ocrx_word' id='word_1_25' title='bbox 841 758 1034 851; x_wconf 79' lang='lat' dir='ltr'>querelast,</span> <span class='ocrx_word' id='word_1_26' title='bbox 1056 760 1187 829; x_wconf 89' lang='lat' dir='ltr'>nullam</span> 
     </span>
     <span class='ocr_line' id='line_1_5' title="bbox 131 866 1265 970; baseline -0.003 -27"><span class='ocrx_word' id='word_1_27' title='bbox 131 898 286 970; x_wconf 90' lang='lat' dir='ltr'>unquam</span> <span class='ocrx_word' id='word_1_28' title='bbox 311 874 521 940; x_wconf 79' lang='lat' dir='ltr'>occasionem</span> <span class='ocrx_word' id='word_1_29' title='bbox 546 868 657 952; x_wconf 85' lang='lat' dir='ltr'>dedit,</span> <span class='ocrx_word' id='word_1_30' title='bbox 683 866 823 961; x_wconf 89' lang='lat' dir='ltr'>perinde</span> <span class='ocrx_word' id='word_1_31' title='bbox 847 867 1022 936; x_wconf 89' lang='lat' dir='ltr'>obliterato</span> <span class='ocrx_word' id='word_1_32' title='bbox 1046 896 1187 946; x_wconf 92' lang='lat' dir='ltr'>suorum</span> <span class='ocrx_word' id='word_1_33' title='bbox 1256 913 1265 927; x_wconf 85' lang='lat'><strong>·</strong></span> 
     </span>
     <span class='ocr_line' id='line_1_6' title="bbox 130 977 1188 1076; baseline -0.004 -22"><span class='ocrx_word' id='word_1_34' title='bbox 130 987 251 1068; x_wconf 87' lang='lat' dir='ltr'>casu⁵,</span> <span class='ocrx_word' id='word_1_35' title='bbox 270 1009 309 1052; x_wconf 88' lang='lat' dir='ltr'>ac</span> <span class='ocrx_word' id='word_1_36' title='bbox 327 987 355 1052; x_wconf 93' lang='lat' dir='ltr'>si</span> <span class='ocrx_word' id='word_1_37' title='bbox 368 982 454 1050; x_wconf 92' lang='lat' dir='ltr'>nihil</span> <span class='ocrx_word' id='word_1_38' title='bbox 468 984 627 1076; x_wconf 91' lang='lat' dir='ltr'>cuiquam</span> <span class='ocrx_word' id='word_1_39' title='bbox 643 977 838 1047; x_wconf 88' lang='lat' dir='ltr'>accidisset:</span> <span class='ocrx_word' id='word_1_40' title='bbox 858 1001 934 1074; x_wconf 90' lang='lat' dir='ltr'>quae</span> <span class='ocrx_word' id='word_1_41' title='bbox 952 1004 1032 1047; x_wconf 90' lang='lat' dir='ltr'>vero</span> <span class='ocrx_word' id='word_1_42' title='bbox 1045 989 1118 1074; x_wconf 88' lang='lat' dir='ltr'>ipse</span> <span class='ocrx_word' id='word_1_43' title='bbox 1131 1006 1188 1075; x_wconf 90' lang='lat' dir='ltr'>pa-</span> 
     </span>
     <span class='ocr_line' id='line_1_7' title="bbox 131 1087 1188 1187; baseline -0.002 -26"><span class='ocrx_word' id='word_1_44' title='bbox 131 1113 273 1177; x_wconf 83' lang='lat' dir='ltr'>teretur,</span> <span class='ocrx_word' id='word_1_45' title='bbox 285 1091 472 1161; x_wconf 84' lang='lat' dir='ltr'>incredibili</span> <span class='ocrx_word' id='word_1_46' title='bbox 483 1089 749 1158; x_wconf 81' lang='lat' dir='ltr'>dissimulatione</span> <span class='ocrx_word' id='word_1_47' title='bbox 759 1087 1023 1174; x_wconf 80' lang='lat' dir='ltr'>transmittens⁶3</span> <span class='ocrx_word' id='word_1_48' title='bbox 1036 1094 1188 1187; x_wconf 89' lang='lat' dir='ltr'>tantique</span> 
     </span>
     <span class='ocr_line' id='line_1_8' title="bbox 131 1200 1188 1297; baseline -0.003 -25"><span class='ocrx_word' id='word_1_49' title='bbox 131 1209 168 1272; x_wconf 90' lang='lat' dir='ltr'>in</span> <span class='ocrx_word' id='word_1_50' title='bbox 182 1229 302 1288; x_wconf 90' lang='lat' dir='ltr'>avum,</span> <span class='ocrx_word' id='word_1_51' title='bbox 322 1206 430 1297; x_wconf 92' lang='lat' dir='ltr'>etqui</span> <span class='ocrx_word' id='word_1_52' title='bbox 445 1200 543 1293; x_wconf 83' lang='lat' dir='ltr'>juxta</span> <span class='ocrx_word' id='word_1_53' title='bbox 559 1217 671 1282; x_wconf 91' lang='lat' dir='ltr'>erant,</span> <span class='ocrx_word' id='word_1_54' title='bbox 691 1200 861 1293; x_wconf 91' lang='lat' dir='ltr'>obsequii,</span> <span class='ocrx_word' id='word_1_55' title='bbox 877 1215 916 1265; x_wconf 89' lang='lat' dir='ltr'>ut</span> <span class='ocrx_word' id='word_1_56' title='bbox 933 1224 1001 1269; x_wconf 93' lang='lat' dir='ltr'>non</span> <span class='ocrx_word' id='word_1_57' title='bbox 1020 1203 1188 1269; x_wconf 90' lang='lat' dir='ltr'>immerito</span> 
     </span>
     <span class='ocr_line' id='line_1_9' title="bbox 130 1311 1188 1399; baseline 0.001 -15"><span class='ocrx_word' id='word_1_58' title='bbox 130 1322 176 1385; x_wconf 88' lang='lat' dir='ltr'>sit</span> <span class='ocrx_word' id='word_1_59' title='bbox 185 1316 329 1399; x_wconf 86' lang='lat' dir='ltr'>dictum,</span> <span class='ocrx_word' id='word_1_60' title='bbox 348 1339 435 1382; x_wconf 75' lang='lat' dir='ltr'>«nec</span> <span class='ocrx_word' id='word_1_61' title='bbox 447 1336 583 1382; x_wconf 89' lang='lat' dir='ltr'>servum</span> <span class='ocrx_word' id='word_1_62' title='bbox 592 1313 767 1381; x_wconf 91' lang='lat' dir='ltr'>meliorem</span> <span class='ocrx_word' id='word_1_63' title='bbox 776 1311 901 1394; x_wconf 91' lang='lat' dir='ltr'>ullum,</span> <span class='ocrx_word' id='word_1_64' title='bbox 914 1337 978 1380; x_wconf 91' lang='lat' dir='ltr'>neo</span> <span class='ocrx_word' id='word_1_65' title='bbox 989 1312 1188 1384; x_wconf 84' lang='lat' dir='ltr'>deteriorem</span> 
     </span>
     <span class='ocr_line' id='line_1_10' title="bbox 131 1410 932 1497; baseline -0.006 -4"><span class='ocrx_word' id='word_1_66' title='bbox 131 1426 310 1497; x_wconf 90' lang='lat' dir='ltr'>dominum</span> <span class='ocrx_word' id='word_1_67' title='bbox 325 1427 485 1494; x_wconf 62' lang='lat' dir='ltr'>fuissem</span> <span class='ocrx_word' id='word_1_68' title='bbox 926 1410 932 1419; x_wconf 46' lang='lat'><em>⁶</em></span> 
     </span>
    </p>

    <p class='ocr_par' dir='ltr' id='par_1_3' title="bbox 132 1522 1250 2299">
     <span class='ocr_line' id='line_1_11' title="bbox 180 1522 1250 1631; baseline 0 -25"><span class='ocrx_word' id='word_1_69' title='bbox 180 1545 238 1606; x_wconf 90' lang='lat' dir='ltr'>Xl.</span> <span class='ocrx_word' id='word_1_70' title='bbox 269 1543 432 1606; x_wconf 78' lang='lat' dir='ltr'>Naturam</span> <span class='ocrx_word' id='word_1_71' title='bbox 458 1555 571 1606; x_wconf 85' lang='lat' dir='ltr'>tamen</span> <span class='ocrx_word' id='word_1_72' title='bbox 597 1556 721 1602; x_wconf 80' lang='lat' dir='ltr'>saevam</span> <span class='ocrx_word' id='word_1_73' title='bbox 745 1552 847 1631; x_wconf 90' lang='lat' dir='ltr'>atque</span> <span class='ocrx_word' id='word_1_74' title='bbox 874 1535 1097 1629; x_wconf 74' lang='lat' dir='ltr'>probrosam*</span> <span class='ocrx_word' id='word_1_75' title='bbox 1125 1556 1189 1608; x_wconf 87' lang='lat' dir='ltr'>nec</span> <span class='ocrx_word' id='word_1_76' title='bbox 1242 1522 1250 1544; x_wconf 56' lang='lat'>&#39;</span> 
     </span>
     <span class='ocr_line' id='line_1_12' title="bbox 133 1645 1188 1742; baseline 0.001 -25"><span class='ocrx_word' id='word_1_77' title='bbox 133 1667 216 1717; x_wconf 89' lang='lat' dir='ltr'>tunc</span> <span class='ocrx_word' id='word_1_78' title='bbox 228 1648 367 1742; x_wconf 92' lang='lat' dir='ltr'>quidem</span> <span class='ocrx_word' id='word_1_79' title='bbox 379 1646 530 1715; x_wconf 91' lang='lat' dir='ltr'>inhibere</span> <span class='ocrx_word' id='word_1_80' title='bbox 542 1663 690 1740; x_wconf 90' lang='lat' dir='ltr'>poterat,</span> <span class='ocrx_word' id='word_1_81' title='bbox 703 1649 786 1740; x_wconf 91' lang='lat' dir='ltr'>quin</span> <span class='ocrx_word' id='word_1_82' title='bbox 799 1662 832 1712; x_wconf 90' lang='lat' dir='ltr'>et</span> <span class='ocrx_word' id='word_1_83' title='bbox 841 1645 1188 1718; x_wconf 86' lang='lat' dir='ltr'>animadversionibus</span> 
     </span>
     <span class='ocr_line' id='line_1_13' title="bbox 132 1756 1188 1855; baseline 0.003 -27"><span class='ocrx_word' id='word_1_84' title='bbox 132 1763 311 1855; x_wconf 81' lang='lat' dir='ltr'>poenisque</span> <span class='ocrx_word' id='word_1_85' title='bbox 324 1760 369 1827; x_wconf 89' lang='lat' dir='ltr'>ad</span> <span class='ocrx_word' id='word_1_86' title='bbox 382 1760 587 1853; x_wconf 83' lang='lat' dir='ltr'>supplicium</span> <span class='ocrx_word' id='word_1_87' title='bbox 598 1759 756 1827; x_wconf 88' lang='lat' dir='ltr'>datorum</span> <span class='ocrx_word' id='word_1_88' title='bbox 768 1756 984 1851; x_wconf 89' lang='lat' dir='ltr'>cupidissime</span> <span class='ocrx_word' id='word_1_89' title='bbox 995 1763 1188 1846; x_wconf 89' lang='lat' dir='ltr'>interesset,</span> 
     </span>
     <span class='ocr_line' id='line_1_14' title="bbox 133 1868 1189 1965; baseline 0.004 -27"><span class='ocrx_word' id='word_1_90' title='bbox 133 1888 169 1938; x_wconf 91' lang='lat' dir='ltr'>et</span> <span class='ocrx_word' id='word_1_91' title='bbox 182 1894 308 1962; x_wconf 77' lang='lat' dir='ltr'>ganeas</span> <span class='ocrx_word' id='word_1_92' title='bbox 321 1885 422 1965; x_wconf 85' lang='lat' dir='ltr'>atque</span> <span class='ocrx_word' id='word_1_93' title='bbox 437 1868 617 1951; x_wconf 88' lang='lat' dir='ltr'>adulteria,</span> <span class='ocrx_word' id='word_1_94' title='bbox 634 1868 873 1962; x_wconf 89' lang='lat' dir='ltr'>capillamento</span> <span class='ocrx_word' id='word_1_95' title='bbox 887 1868 1034 1939; x_wconf 87' lang='lat' dir='ltr'>celatus²</span> <span class='ocrx_word' id='word_1_96' title='bbox 1048 1889 1082 1939; x_wconf 89' lang='lat' dir='ltr'>et</span> <span class='ocrx_word' id='word_1_97' title='bbox 1096 1888 1189 1942; x_wconf 90' lang='lat' dir='ltr'>veste</span> 
     </span>
     <span class='ocr_line' id='line_1_15' title="bbox 134 1978 1189 2078; baseline 0.004 -31"><span class='ocrx_word' id='word_1_98' title='bbox 134 1979 253 2074; x_wconf 81' lang='lat' dir='ltr'>longa,</span> <span class='ocrx_word' id='word_1_99' title='bbox 270 1979 425 2049; x_wconf 81' lang='lat' dir='ltr'>noctibus</span> <span class='ocrx_word' id='word_1_100' title='bbox 442 1981 566 2063; x_wconf 93' lang='lat' dir='ltr'>obiret,</span> <span class='ocrx_word' id='word_1_101' title='bbox 586 2003 626 2047; x_wconf 88' lang='lat' dir='ltr'>ac</span> <span class='ocrx_word' id='word_1_102' title='bbox 645 1983 794 2048; x_wconf 88' lang='lat' dir='ltr'>scenicas</span> <span class='ocrx_word' id='word_1_103' title='bbox 814 1978 958 2048; x_wconf 86' lang='lat' dir='ltr'>saltandi</span> <span class='ocrx_word' id='word_1_104' title='bbox 978 1981 1189 2078; x_wconf 89' lang='lat' dir='ltr'>canendique</span> 
     </span>
     <span class='ocr_line' id='line_1_16' title="bbox 134 2090 1189 2187; baseline 0.003 -29"><span class='ocrx_word' id='word_1_105' title='bbox 134 2107 225 2159; x_wconf 90' lang='lat' dir='ltr'>artes</span> <span class='ocrx_word' id='word_1_106' title='bbox 240 2092 484 2161; x_wconf 85' lang='lat' dir='ltr'>studiosissime</span> <span class='ocrx_word' id='word_1_107' title='bbox 503 2108 692 2185; x_wconf 81' lang='lat' dir='ltr'>appeteret3</span> <span class='ocrx_word' id='word_1_108' title='bbox 709 2090 807 2158; x_wconf 87' lang='lat' dir='ltr'>facile</span> <span class='ocrx_word' id='word_1_109' title='bbox 826 2090 861 2157; x_wconf 89' lang='lat' dir='ltr'>id</span> <span class='ocrx_word' id='word_1_110' title='bbox 880 2115 960 2158; x_wconf 91' lang='lat' dir='ltr'>sane</span> <span class='ocrx_word' id='word_1_111' title='bbox 979 2093 1114 2159; x_wconf 89' lang='lat' dir='ltr'>Tiberio</span> <span class='ocrx_word' id='word_1_112' title='bbox 1129 2120 1189 2187; x_wconf 89' lang='lat' dir='ltr'>pa-</span> 
     </span>
     <span class='ocr_line' id='line_1_17' title="bbox 134 2198 1191 2299; baseline 0.003 -31"><span class='ocrx_word' id='word_1_113' title='bbox 134 2205 261 2284; x_wconf 87' lang='lat' dir='ltr'>tiente,</span> <span class='ocrx_word' id='word_1_114' title='bbox 283 2205 311 2270; x_wconf 94' lang='lat' dir='ltr'>si</span> <span class='ocrx_word' id='word_1_115' title='bbox 330 2229 393 2299; x_wconf 91' lang='lat' dir='ltr'>per</span> <span class='ocrx_word' id='word_1_116' title='bbox 414 2204 476 2271; x_wconf 89' lang='lat' dir='ltr'>has</span> <span class='ocrx_word' id='word_1_117' title='bbox 497 2201 715 2270; x_wconf 87' lang='lat' dir='ltr'>mansuefieri</span> <span class='ocrx_word' id='word_1_118' title='bbox 735 2215 852 2294; x_wconf 91' lang='lat' dir='ltr'>posset</span> <span class='ocrx_word' id='word_1_119' title='bbox 871 2200 982 2267; x_wconf 86' lang='lat' dir='ltr'>ferum</span> <span class='ocrx_word' id='word_1_120' title='bbox 1002 2198 1191 2296; x_wconf 61' lang='lat' dir='ltr'>ejusinge&#39;·</span> 
     </span>
    </p>
   </div>
   <div class='ocr_carea' id='block_1_3' title="bbox 136 2446 1263 4177">
    <p class='ocr_par' dir='ltr' id='par_1_4' title="bbox 136 2446 1254 2920">
     <span class='ocr_line' id='line_1_18' title="bbox 170 2446 1254 2528; baseline 0.002 -24"><span class='ocrx_word' id='word_1_121' title='bbox 170 2452 197 2505; x_wconf 78' lang='grc' dir='ltr'>ὃ.</span> <span class='ocrx_word' id='word_1_122' title='bbox 211 2453 375 2526; x_wconf 82' lang='lat' dir='ltr'>Barbumque</span> <span class='ocrx_word' id='word_1_123' title='bbox 385 2455 640 2528; x_wconf 75' lang='lat' dir='ltr'>posuit;qureinitae</span> <span class='ocrx_word' id='word_1_124' title='bbox 686 2451 868 2505; x_wconf 77' lang='lat' dir='ltr'>transmittens.</span> <span class='ocrx_word' id='word_1_125' title='bbox 879 2455 966 2505; x_wconf 83' lang='lat' dir='ltr'>Tacit.</span> <span class='ocrx_word' id='word_1_126' title='bbox 976 2451 1072 2505; x_wconf 79' lang='lat' dir='ltr'>Annal.</span> <span class='ocrx_word' id='word_1_127' title='bbox 1082 2446 1189 2521; x_wconf 68' lang='lat' dir='ltr'>V1,45:</span> <span class='ocrx_word' id='word_1_128' title='bbox 1250 2495 1254 2500; x_wconf 86' lang='lat'><em>.</em></span> 
     </span>
     <span class='ocr_line' id='line_1_19' title="bbox 136 2530 1191 2604; baseline 0.005 -24"><span class='ocrx_word' id='word_1_129' title='bbox 136 2530 216 2583; x_wconf 73' lang='lat' dir='ltr'>virilis</span> <span class='ocrx_word' id='word_1_130' title='bbox 232 2535 314 2584; x_wconf 73' lang='lat' dir='ltr'>aetatis</span> <span class='ocrx_word' id='word_1_131' title='bbox 331 2531 475 2586; x_wconf 81' lang='lat' dir='ltr'>solennitas</span> <span class='ocrx_word' id='word_1_132' title='bbox 489 2534 556 2585; x_wconf 80' lang='lat' dir='ltr'>festo</span> <span class='ocrx_word' id='word_1_133' title='bbox 572 2531 641 2584; x_wconf 90' lang='lat' dir='ltr'>cele·</span> <span class='ocrx_word' id='word_1_134' title='bbox 688 2531 791 2598; x_wconf 74' lang='lat' dir='ltr'>«Nam,</span> <span class='ocrx_word' id='word_1_135' title='bbox 804 2533 852 2583; x_wconf 84' lang='lat' dir='ltr'>etsi</span> <span class='ocrx_word' id='word_1_136' title='bbox 865 2544 1015 2584; x_wconf 89' lang='lat' dir='ltr'>commotus</span> <span class='ocrx_word' id='word_1_137' title='bbox 1026 2533 1146 2604; x_wconf 69' lang='lat' dir='ltr'>ingenio,</span> <span class='ocrx_word' id='word_1_138' title='bbox 1157 2534 1191 2585; x_wconf 84' lang='lat' dir='ltr'>si·</span> 
     </span>
     <span class='ocr_line' id='line_1_20' title="bbox 137 2608 1191 2683; baseline 0.003 -23"><span class='ocrx_word' id='word_1_139' title='bbox 137 2608 206 2661; x_wconf 90' lang='lat' dir='ltr'>brari</span> <span class='ocrx_word' id='word_1_140' title='bbox 218 2609 330 2662; x_wconf 86' lang='lat' dir='ltr'>solebat.</span> <span class='ocrx_word' id='word_1_141' title='bbox 343 2611 409 2662; x_wconf 89' lang='lat' dir='ltr'>Vide</span> <span class='ocrx_word' id='word_1_142' title='bbox 420 2615 530 2683; x_wconf 83' lang='lat' dir='ltr'>liupert.</span> <span class='ocrx_word' id='word_1_143' title='bbox 547 2611 580 2664; x_wconf 89' lang='lat' dir='ltr'>ad</span> <span class='ocrx_word' id='word_1_144' title='bbox 594 2613 642 2663; x_wconf 89' lang='lat' dir='ltr'>Ju·</span> <span class='ocrx_word' id='word_1_145' title='bbox 685 2611 861 2663; x_wconf 87' lang='lat' dir='ltr'>mulationum</span> <span class='ocrx_word' id='word_1_146' title='bbox 872 2625 960 2665; x_wconf 86' lang='lat' dir='ltr'>tamen</span> <span class='ocrx_word' id='word_1_147' title='bbox 970 2611 1072 2665; x_wconf 79' lang='lat' dir='ltr'>laisein</span> <span class='ocrx_word' id='word_1_148' title='bbox 1082 2616 1140 2666; x_wconf 82' lang='lat' dir='ltr'>sinu</span> <span class='ocrx_word' id='word_1_149' title='bbox 1149 2614 1191 2666; x_wconf 79' lang='lat' dir='ltr'>avi</span> 
     </span>
     <span class='ocr_line' id='line_1_21' title="bbox 136 2689 894 2768; baseline -0.003 -27"><span class='ocrx_word' id='word_1_150' title='bbox 136 2689 219 2742; x_wconf 77' lang='lat' dir='ltr'>renel.</span> <span class='ocrx_word' id='word_1_151' title='bbox 231 2694 280 2756; x_wconf 90' lang='lat' dir='ltr'>lll,</span> <span class='ocrx_word' id='word_1_152' title='bbox 291 2690 348 2743; x_wconf 84' lang='lat'>186.</span> <span class='ocrx_word' id='word_1_153' title='bbox 356 2721 392 2729; x_wconf 94' lang='lat'><strong>—</strong></span> <span class='ocrx_word' id='word_1_154' title='bbox 401 2693 493 2762; x_wconf 84' lang='lat' dir='ltr'>Qualis</span> <span class='ocrx_word' id='word_1_155' title='bbox 500 2696 642 2768; x_wconf 68' lang='lat' dir='ltr'>eontiqerat</span> <span class='ocrx_word' id='word_1_156' title='bbox 685 2690 872 2763; x_wconf 87' lang='lat' dir='ltr'>perdidicerat.</span> <span class='ocrx_word' id='word_1_157' title='bbox 883 2715 894 2739; x_wconf 78' lang='grc' dir='ltr'>ι</span> 
     </span>
     <span class='ocr_line' id='line_1_22' title="bbox 139 2770 1192 2843; baseline 0.004 -24"><span class='ocrx_word' id='word_1_158' title='bbox 139 2770 257 2823; x_wconf 84' lang='lat' dir='ltr'>tirocinio</span> <span class='ocrx_word' id='word_1_159' title='bbox 263 2771 381 2842; x_wconf 80' lang='lat' dir='ltr'>fratrum</span> <span class='ocrx_word' id='word_1_160' title='bbox 394 2774 454 2843; x_wconf 78' lang='lat' dir='ltr'>ejus.</span> <span class='ocrx_word' id='word_1_161' title='bbox 466 2771 544 2824; x_wconf 84' lang='lat' dir='ltr'>Conf.</span> <span class='ocrx_word' id='word_1_162' title='bbox 555 2771 590 2822; x_wconf 87' lang='lat' dir='ltr'>ad</span> <span class='ocrx_word' id='word_1_163' title='bbox 600 2771 643 2823; x_wconf 90' lang='lat' dir='ltr'>Ti·</span> <span class='ocrx_word' id='word_1_164' title='bbox 722 2788 747 2840; x_wconf 85' lang='lat'>7.</span> <span class='ocrx_word' id='word_1_165' title='bbox 767 2770 822 2821; x_wconf 88' lang='lat' dir='ltr'>Nee</span> <span class='ocrx_word' id='word_1_166' title='bbox 838 2784 939 2824; x_wconf 79' lang='lat' dir='ltr'>torvum</span> <span class='ocrx_word' id='word_1_167' title='bbox 956 2770 1130 2823; x_wconf 71' lang='lat' dir='ltr'>meliorem...</span> <span class='ocrx_word' id='word_1_168' title='bbox 1144 2775 1192 2824; x_wconf 73' lang='lat' dir='ltr'>ne&#39;c&#39;</span> 
     </span>
     <span class='ocr_line' id='line_1_23' title="bbox 139 2847 1194 2920; baseline 0.004 -22"><span class='ocrx_word' id='word_1_169' title='bbox 139 2847 192 2901; x_wconf 89' lang='lat' dir='ltr'>ber.</span> <span class='ocrx_word' id='word_1_170' title='bbox 207 2869 266 2920; x_wconf 89' lang='lat' dir='ltr'>cap.</span> <span class='ocrx_word' id='word_1_171' title='bbox 283 2850 327 2917; x_wconf 70' lang='grc'>54.</span> <span class='ocrx_word' id='word_1_172' title='bbox 686 2849 838 2902; x_wconf 84' lang='lat' dir='ltr'>deteriorem</span> <span class='ocrx_word' id='word_1_173' title='bbox 857 2849 994 2901; x_wconf 88' lang='lat' dir='ltr'>dominum</span> <span class='ocrx_word' id='word_1_174' title='bbox 1007 2850 1099 2920; x_wconf 76' lang='lat' dir='ltr'>fuisse.</span> <span class='ocrx_word' id='word_1_175' title='bbox 1116 2852 1194 2902; x_wconf 81' lang='lat' dir='ltr'>Mon·</span> 
     </span>
    </p>

    <p class='ocr_par' dir='ltr' id='par_1_5' title="bbox 140 2928 1239 3240">
     <span class='ocr_line' id='line_1_24' title="bbox 171 2928 1189 3005; baseline 0.002 -22"><span class='ocrx_word' id='word_1_176' title='bbox 171 2932 197 2998; x_wconf 67' lang='grc'>4.</span> <span class='ocrx_word' id='word_1_177' title='bbox 218 2928 445 2984; x_wconf 61' lang='lat' dir='ltr'>finientium...</span> <span class='ocrx_word' id='word_1_178' title='bbox 463 2931 595 3005; x_wconf 84' lang='lat' dir='ltr'>querelus;</span> <span class='ocrx_word' id='word_1_179' title='bbox 614 2931 642 2984; x_wconf 90' lang='lat' dir='ltr'>id</span> <span class='ocrx_word' id='word_1_180' title='bbox 686 2944 827 2995; x_wconf 63' lang='lat' dir='ltr'>succursu,</span> <span class='ocrx_word' id='word_1_181' title='bbox 841 2930 980 2982; x_wconf 83' lang='lat' dir='ltr'>Grandeur</span> <span class='ocrx_word' id='word_1_182' title='bbox 990 2941 1015 2981; x_wconf 85' lang='lat' dir='ltr'>et</span> <span class='ocrx_word' id='word_1_183' title='bbox 1027 2931 1189 2998; x_wconf 59' lang='lat' dir='ltr'>Decedenc&#39;e,</span> 
     </span>
     <span class='ocr_line' id='line_1_25' title="bbox 140 3005 1239 3084; baseline -0.005 -20"><span class='ocrx_word' id='word_1_184' title='bbox 140 3025 193 3079; x_wconf 80' lang='lat' dir='ltr'>est,</span> <span class='ocrx_word' id='word_1_185' title='bbox 212 3011 376 3064; x_wconf 83' lang='lat' dir='ltr'>elicientium</span> <span class='ocrx_word' id='word_1_186' title='bbox 397 3012 533 3084; x_wconf 83' lang='lat' dir='ltr'>querelas,</span> <span class='ocrx_word' id='word_1_187' title='bbox 552 3025 578 3063; x_wconf 93' lang='lat' dir='ltr'>et</span> <span class='ocrx_word' id='word_1_188' title='bbox 596 3030 641 3063; x_wconf 88' lang='lat' dir='ltr'>co·</span> <span class='ocrx_word' id='word_1_189' title='bbox 686 3020 736 3058; x_wconf 86' lang='lat' dir='ltr'>etc.</span> <span class='ocrx_word' id='word_1_190' title='bbox 751 3025 812 3079; x_wconf 85' lang='lat' dir='ltr'>cap.</span> <span class='ocrx_word' id='word_1_191' title='bbox 828 3007 886 3071; x_wconf 85' lang='lat' dir='ltr'>XV,</span> <span class='ocrx_word' id='word_1_192' title='bbox 904 3005 1066 3058; x_wconf 89' lang='lat' dir='ltr'>ubidictum</span> <span class='ocrx_word' id='word_1_193' title='bbox 1084 3009 1192 3074; x_wconf 78' lang='lat' dir='ltr'>retulit,</span> <span class='ocrx_word' id='word_1_194' title='bbox 1236 3029 1239 3035; x_wconf 74' lang='grc'><strong>’</strong></span> 
     </span>
     <span class='ocr_line' id='line_1_26' title="bbox 140 3084 1192 3164; baseline 0.001 -24"><span class='ocrx_word' id='word_1_195' title='bbox 140 3094 255 3159; x_wconf 70' lang='lat' dir='ltr'>gentium</span> <span class='ocrx_word' id='word_1_196' title='bbox 267 3112 295 3144; x_wconf 84' lang='lat' dir='ltr'>se</span> <span class='ocrx_word' id='word_1_197' title='bbox 305 3091 340 3143; x_wconf 87' lang='lat' dir='ltr'>ad</span> <span class='ocrx_word' id='word_1_198' title='bbox 348 3091 480 3163; x_wconf 85' lang='lat' dir='ltr'>querelas.</span> <span class='ocrx_word' id='word_1_199' title='bbox 490 3094 519 3143; x_wconf 86' lang='lat' dir='ltr'>In</span> <span class='ocrx_word' id='word_1_200' title='bbox 527 3104 642 3164; x_wconf 78' lang='lat' dir='ltr'>utroque</span> <span class='ocrx_word' id='word_1_201' title='bbox 689 3108 701 3132; x_wconf 72' lang='lat'>⁸</span> <span class='ocrx_word' id='word_1_202' title='bbox 711 3105 754 3139; x_wconf 82' lang='lat' dir='ltr'>ces</span> <span class='ocrx_word' id='word_1_203' title='bbox 767 3085 837 3137; x_wconf 83' lang='lat' dir='ltr'>deux</span> <span class='ocrx_word' id='word_1_204' title='bbox 852 3084 945 3138; x_wconf 79' lang='lat' dir='ltr'>choses</span> <span class='ocrx_word' id='word_1_205' title='bbox 957 3100 1018 3138; x_wconf 89' lang='lat' dir='ltr'>sont</span> <span class='ocrx_word' id='word_1_206' title='bbox 1033 3106 1104 3140; x_wconf 76' lang='lat' dir='ltr'>assez</span> <span class='ocrx_word' id='word_1_207' title='bbox 1114 3088 1192 3151; x_wconf 55' lang='lat' dir='ltr'>lietu</span> 
     </span>
     <span class='ocr_line' id='line_1_27' title="bbox 141 3166 1193 3240; baseline 0.005 -22"><span class='ocrx_word' id='word_1_208' title='bbox 141 3170 219 3222; x_wconf 85' lang='lat' dir='ltr'>verbo</span> <span class='ocrx_word' id='word_1_209' title='bbox 232 3184 272 3223; x_wconf 85' lang='lat' dir='ltr'>est</span> <span class='ocrx_word' id='word_1_210' title='bbox 284 3184 396 3222; x_wconf 87' lang='lat' dir='ltr'>conatus</span> <span class='ocrx_word' id='word_1_211' title='bbox 409 3172 466 3222; x_wconf 90' lang='lat' dir='ltr'>sine</span> <span class='ocrx_word' id='word_1_212' title='bbox 479 3173 586 3224; x_wconf 84' lang='lat' dir='ltr'>effectu.</span> <span class='ocrx_word' id='word_1_213' title='bbox 692 3166 799 3218; x_wconf 74' lang='lat' dir='ltr'>tear-la</span> <span class='ocrx_word' id='word_1_214' title='bbox 814 3170 899 3218; x_wconf 71' lang='lat' dir='ltr'>meme</span> <span class='ocrx_word' id='word_1_215' title='bbox 910 3166 1068 3237; x_wconf 89' lang='lat' dir='ltr'>disposition</span> <span class='ocrx_word' id='word_1_216' title='bbox 1083 3167 1193 3240; x_wconf 78' lang='lat' dir='ltr'>d&#39;esprlt</span> 
     </span>
    </p>

    <p class='ocr_par' dir='ltr' id='par_1_6' title="bbox 137 3246 1263 4115">
     <span class='ocr_line' id='line_1_28' title="bbox 173 3246 1193 3321; baseline 0.001 -21"><span class='ocrx_word' id='word_1_217' title='bbox 173 3250 198 3302; x_wconf 70' lang='lat'>53</span> <span class='ocrx_word' id='word_1_218' title='bbox 215 3250 329 3301; x_wconf 81' lang='lat' dir='ltr'>Perinde</span> <span class='ocrx_word' id='word_1_219' title='bbox 340 3249 476 3302; x_wconf 79' lang='lat' dir='ltr'>obliterato</span> <span class='ocrx_word' id='word_1_220' title='bbox 486 3270 588 3302; x_wconf 81' lang='lat' dir='ltr'>suorum</span> <span class='ocrx_word' id='word_1_221' title='bbox 601 3271 643 3303; x_wconf 87' lang='lat' dir='ltr'>ea·</span> <span class='ocrx_word' id='word_1_222' title='bbox 691 3270 703 3292; x_wconf 69' lang='grc' dir='ltr'>κ</span> <span class='ocrx_word' id='word_1_223' title='bbox 714 3249 760 3318; x_wconf 92' lang='lat' dir='ltr'>qui</span> <span class='ocrx_word' id='word_1_224' title='bbox 769 3246 904 3319; x_wconf 83' lang='lat' dir='ltr'>faitqu&#39;on</span> <span class='ocrx_word' id='word_1_225' title='bbox 912 3264 927 3298; x_wconf 89' lang='lat' dir='ltr'>a</span> <span class='ocrx_word' id='word_1_226' title='bbox 935 3249 1193 3321; x_wconf 72' lang='lat' dir='ltr'>etevivementfrap-</span> 
     </span>
     <span class='ocr_line' id='line_1_29' title="bbox 141 3324 1192 3398; baseline 0.004 -20"><span class='ocrx_word' id='word_1_227' title='bbox 141 3346 179 3391; x_wconf 81' lang='lat' dir='ltr'>su,</span> <span class='ocrx_word' id='word_1_228' title='bbox 194 3342 246 3381; x_wconf 88' lang='lat' dir='ltr'>etc.</span> <span class='ocrx_word' id='word_1_229' title='bbox 261 3331 346 3381; x_wconf 83' lang='lat' dir='ltr'>Tacit.</span> <span class='ocrx_word' id='word_1_230' title='bbox 359 3332 430 3380; x_wconf 79' lang='lat' dir='ltr'>Anu.</span> <span class='ocrx_word' id='word_1_231' title='bbox 442 3331 494 3395; x_wconf 82' lang='lat' dir='ltr'>vt,</span> <span class='ocrx_word' id='word_1_232' title='bbox 509 3346 556 3396; x_wconf 83' lang='lat'>20,</span> <span class='ocrx_word' id='word_1_233' title='bbox 571 3351 582 3375; x_wconf 70' lang='lat' dir='ltr'>a</span> <span class='ocrx_word' id='word_1_234' title='bbox 593 3331 643 3381; x_wconf 89' lang='lat' dir='ltr'>im·</span> <span class='ocrx_word' id='word_1_235' title='bbox 691 3328 747 3397; x_wconf 72' lang='lat' dir='ltr'>«pe</span> <span class='ocrx_word' id='word_1_236' title='bbox 756 3324 789 3378; x_wconf 90' lang='lat' dir='ltr'>de</span> <span class='ocrx_word' id='word_1_237' title='bbox 799 3326 823 3377; x_wconf 85' lang='lat' dir='ltr'>la</span> <span class='ocrx_word' id='word_1_238' title='bbox 835 3328 975 3398; x_wconf 88' lang='lat' dir='ltr'>puissance</span> <span class='ocrx_word' id='word_1_239' title='bbox 984 3326 1101 3379; x_wconf 76' lang='lat' dir='ltr'>illimitee</span> <span class='ocrx_word' id='word_1_240' title='bbox 1110 3327 1192 3382; x_wconf 86' lang='lat' dir='ltr'>dece·</span> 
     </span>
     <span class='ocr_line' id='line_1_30' title="bbox 142 3406 1191 3480; baseline 0.004 -22"><span class='ocrx_word' id='word_1_241' title='bbox 142 3423 244 3459; x_wconf 85' lang='lat' dir='ltr'>manem</span> <span class='ocrx_word' id='word_1_242' title='bbox 259 3409 376 3459; x_wconf 86' lang='lat' dir='ltr'>animum</span> <span class='ocrx_word' id='word_1_243' title='bbox 388 3406 502 3460; x_wconf 86' lang='lat' dir='ltr'>subdola</span> <span class='ocrx_word' id='word_1_244' title='bbox 514 3407 643 3461; x_wconf 83' lang='lat' dir='ltr'>modestia</span> <span class='ocrx_word' id='word_1_245' title='bbox 691 3406 749 3457; x_wconf 80' lang='lat' dir='ltr'>-lui</span> <span class='ocrx_word' id='word_1_246' title='bbox 763 3409 809 3478; x_wconf 91' lang='lat' dir='ltr'>qul</span> <span class='ocrx_word' id='word_1_247' title='bbox 823 3406 993 3472; x_wconf 81' lang='lat' dir='ltr'>commende,</span> <span class='ocrx_word' id='word_1_248' title='bbox 1007 3408 1054 3458; x_wconf 88' lang='lat' dir='ltr'>fait</span> <span class='ocrx_word' id='word_1_249' title='bbox 1067 3409 1147 3480; x_wconf 86' lang='lat' dir='ltr'>qu’on</span> <span class='ocrx_word' id='word_1_250' title='bbox 1158 3429 1191 3462; x_wconf 87' lang='lat' dir='ltr'>ne</span> 
     </span>
     <span class='ocr_line' id='line_1_31' title="bbox 142 3486 1192 3558; baseline 0.004 -21"><span class='ocrx_word' id='word_1_251' title='bbox 142 3500 247 3558; x_wconf 72' lang='lat' dir='ltr'>tegens,</span> <span class='ocrx_word' id='word_1_252' title='bbox 268 3505 323 3538; x_wconf 89' lang='lat' dir='ltr'>non</span> <span class='ocrx_word' id='word_1_253' title='bbox 345 3486 516 3539; x_wconf 87' lang='lat' dir='ltr'>damnatione</span> <span class='ocrx_word' id='word_1_254' title='bbox 535 3489 641 3554; x_wconf 88' lang='lat' dir='ltr'>matris,</span> <span class='ocrx_word' id='word_1_255' title='bbox 690 3487 932 3557; x_wconf 70' lang='lat' dir='ltr'>ul’ostpasmoins,</span> <span class='ocrx_word' id='word_1_256' title='bbox 943 3486 1051 3558; x_wconf 84' lang='lat' dir='ltr'>lorsque</span> <span class='ocrx_word' id='word_1_257' title='bbox 1061 3487 1192 3541; x_wconf 83' lang='lat' dir='ltr'>l&#39;onvient</span> 
     </span>
     <span class='ocr_line' id='line_1_32' title="bbox 142 3559 1093 3637; baseline 0.002 -20"><span class='ocrx_word' id='word_1_258' title='bbox 142 3583 192 3618; x_wconf 89' lang='lat' dir='ltr'>non</span> <span class='ocrx_word' id='word_1_259' title='bbox 215 3565 308 3619; x_wconf 83' lang='lat' dir='ltr'>exsilio</span> <span class='ocrx_word' id='word_1_260' title='bbox 326 3567 439 3618; x_wconf 81' lang='lat' dir='ltr'>fratrum</span> <span class='ocrx_word' id='word_1_261' title='bbox 461 3580 540 3637; x_wconf 88' lang='lat' dir='ltr'>rupta</span> <span class='ocrx_word' id='word_1_262' title='bbox 560 3559 642 3628; x_wconf 78' lang='lat' dir='ltr'>vooe3</span> <span class='ocrx_word' id='word_1_263' title='bbox 690 3567 727 3616; x_wconf 65' lang='lat' dir='ltr'>«a</span> <span class='ocrx_word' id='word_1_264' title='bbox 740 3565 912 3617; x_wconf 76' lang='lat' dir='ltr'>commender</span> <span class='ocrx_word' id='word_1_265' title='bbox 924 3568 1071 3619; x_wconf 70' lang='lat' dir='ltr'>soi-meme.</span> <span class='ocrx_word' id='word_1_266' title='bbox 1082 3591 1093 3613; x_wconf 76' lang='grc' dir='ltr'>ιι</span> 
     </span>
     <span class='ocr_line' id='line_1_33' title="bbox 143 3644 1263 3716; baseline 0.001 -19"><span class='ocrx_word' id='word_1_267' title='bbox 143 3645 243 3716; x_wconf 79' lang='lat' dir='ltr'>qualem</span> <span class='ocrx_word' id='word_1_268' title='bbox 265 3644 336 3696; x_wconf 90' lang='lat' dir='ltr'>diem</span> <span class='ocrx_word' id='word_1_269' title='bbox 356 3644 478 3696; x_wconf 88' lang='lat' dir='ltr'>Tiberius</span> <span class='ocrx_word' id='word_1_270' title='bbox 498 3644 643 3712; x_wconf 81' lang='lat' dir='ltr'>induisset,</span> <span class='ocrx_word' id='word_1_271' title='bbox 723 3645 768 3697; x_wconf 82' lang='lat' dir='ltr'>XI.</span> <span class='ocrx_word' id='word_1_272' title='bbox 789 3645 1191 3716; x_wconf 78' lang='lat' dir='ltr'>t.Soeuomotqueprobrotam,·</span> <span class='ocrx_word' id='word_1_273' title='bbox 1261 3646 1263 3650; x_wconf 52' lang='lat'>&#39;</span> 
     </span>
     <span class='ocr_line' id='line_1_34' title="bbox 142 3723 1192 3796; baseline 0.004 -20"><span class='ocrx_word' id='word_1_274' title='bbox 142 3728 195 3793; x_wconf 81' lang='lat' dir='ltr'>pari</span> <span class='ocrx_word' id='word_1_275' title='bbox 206 3723 316 3789; x_wconf 87' lang='lat' dir='ltr'>habitu,</span> <span class='ocrx_word' id='word_1_276' title='bbox 330 3723 402 3776; x_wconf 88' lang='lat' dir='ltr'>haud</span> <span class='ocrx_word' id='word_1_277' title='bbox 417 3723 529 3775; x_wconf 89' lang='lat' dir='ltr'>multum</span> <span class='ocrx_word' id='word_1_278' title='bbox 543 3723 643 3776; x_wconf 83' lang='lat' dir='ltr'>distan-</span> <span class='ocrx_word' id='word_1_279' title='bbox 686 3741 794 3788; x_wconf 75' lang='lat' dir='ltr'>scevam,</span> <span class='ocrx_word' id='word_1_280' title='bbox 813 3724 885 3795; x_wconf 88' lang='lat' dir='ltr'>quod</span> <span class='ocrx_word' id='word_1_281' title='bbox 899 3724 1036 3796; x_wconf 89' lang='lat' dir='ltr'>suppliciis</span> <span class='ocrx_word' id='word_1_282' title='bbox 1050 3728 1192 3793; x_wconf 85' lang='lat' dir='ltr'>interesse,</span> 
     </span>
     <span class='ocr_line' id='line_1_35' title="bbox 144 3802 1193 3877; baseline 0.004 -24"><span class='ocrx_word' id='word_1_283' title='bbox 144 3805 208 3857; x_wconf 74' lang='lat' dir='ltr'>tibus</span> <span class='ocrx_word' id='word_1_284' title='bbox 220 3803 342 3865; x_wconf 56' lang='lat' dir='ltr'>verbim·</span> <span class='ocrx_word' id='word_1_285' title='bbox 360 3803 407 3854; x_wconf 89' lang='lat' dir='ltr'>ubi</span> <span class='ocrx_word' id='word_1_286' title='bbox 420 3805 535 3874; x_wconf 86' lang='lat' dir='ltr'>conjicio</span> <span class='ocrx_word' id='word_1_287' title='bbox 552 3803 643 3873; x_wconf 72' lang='lat' dir='ltr'>legen·</span> <span class='ocrx_word' id='word_1_288' title='bbox 685 3802 1193 3877; x_wconf 68' lang='lat' dir='ltr'>probrosum,quodganeasatqueadul·</span> 
     </span>
     <span class='ocr_line' id='line_1_36' title="bbox 144 3883 962 3958; baseline 0 -22"><span class='ocrx_word' id='word_1_289' title='bbox 144 3884 218 3953; x_wconf 85' lang='lat' dir='ltr'>dnm,</span> <span class='ocrx_word' id='word_1_290' title='bbox 244 3883 372 3958; x_wconf 68' lang='lat' dir='ltr'>equalem</span> <span class='ocrx_word' id='word_1_291' title='bbox 396 3884 451 3937; x_wconf 89' lang='lat' dir='ltr'>scil.</span> <span class='ocrx_word' id='word_1_292' title='bbox 472 3884 593 3936; x_wconf 85' lang='lat' dir='ltr'>habitum</span> <span class='ocrx_word' id='word_1_293' title='bbox 614 3886 642 3935; x_wconf 86' lang='lat' dir='ltr'>in</span> <span class='ocrx_word' id='word_1_294' title='bbox 688 3886 754 3936; x_wconf 90' lang='lat' dir='ltr'>teria</span> <span class='ocrx_word' id='word_1_295' title='bbox 767 3884 841 3936; x_wconf 90' lang='lat' dir='ltr'>obire</span> <span class='ocrx_word' id='word_1_296' title='bbox 853 3885 962 3937; x_wconf 89' lang='lat' dir='ltr'>solebat.</span> 
     </span>
     <span class='ocr_line' id='line_1_37' title="bbox 145 3961 1192 4036; baseline 0.001 -22"><span class='ocrx_word' id='word_1_297' title='bbox 145 3961 206 4016; x_wconf 77' lang='lat' dir='ltr'>diem</span> <span class='ocrx_word' id='word_1_298' title='bbox 220 3961 643 4034; x_wconf 64' lang='lat' dir='ltr'>(123¹ipiper)Tiberiusinduis·</span> <span class='ocrx_word' id='word_1_299' title='bbox 725 3981 749 4014; x_wconf 84' lang='lat'>2.</span> <span class='ocrx_word' id='word_1_300' title='bbox 771 3962 963 4035; x_wconf 70' lang='lat' dir='ltr'>capillamento</span> <span class='ocrx_word' id='word_1_301' title='bbox 979 3963 1083 4017; x_wconf 82' lang='lat' dir='ltr'>celatus.</span> <span class='ocrx_word' id='word_1_302' title='bbox 1100 3963 1192 4036; x_wconf 75' lang='lat' dir='ltr'>capit-</span> 
     </span>
     <span class='ocr_line' id='line_1_38' title="bbox 137 4040 1193 4115; baseline 0.001 -21"><span class='ocrx_word' id='word_1_303' title='bbox 137 4044 194 4110; x_wconf 63' lang='lat' dir='ltr'>uti,</span> <span class='ocrx_word' id='word_1_304' title='bbox 206 4045 265 4115; x_wconf 85' lang='lat' dir='ltr'>pari</span> <span class='ocrx_word' id='word_1_305' title='bbox 276 4043 379 4094; x_wconf 86' lang='lat' dir='ltr'>habitu.</span> <span class='ocrx_word' id='word_1_306' title='bbox 390 4067 400 4091; x_wconf 79' lang='grc' dir='ltr'>ι</span> <span class='ocrx_word' id='word_1_307' title='bbox 688 4040 848 4107; x_wconf 85' lang='lat' dir='ltr'>lamentum,</span> <span class='ocrx_word' id='word_1_308' title='bbox 858 4043 1010 4113; x_wconf 88' lang='lat' dir='ltr'>apposititia</span> <span class='ocrx_word' id='word_1_309' title='bbox 1022 4061 1111 4108; x_wconf 83' lang='lat' dir='ltr'>coma,</span> <span class='ocrx_word' id='word_1_310' title='bbox 1121 4042 1193 4115; x_wconf 76' lang='lat' dir='ltr'>quali</span> 
     </span>
    </p>

    <p class='ocr_par' dir='ltr' id='par_1_7' title="bbox 189 4120 967 4177">
     <span class='ocr_line' id='line_1_39' title="bbox 189 4120 967 4177; baseline -0.003 -2"><span class='ocrx_word' id='word_1_311' title='bbox 189 4123 214 4175; x_wconf 88' lang='lat'>6.</span> <span class='ocrx_word' id='word_1_312' title='bbox 252 4121 403 4177; x_wconf 73' lang='lat' dir='ltr'>incredibili</span> <span class='ocrx_word' id='word_1_313' title='bbox 439 4120 643 4175; x_wconf 76' lang='lat' dir='ltr'>dissimulatione</span> <span class='ocrx_word' id='word_1_314' title='bbox 688 4121 810 4176; x_wconf 78' lang='lat' dir='ltr'>mulieres</span> <span class='ocrx_word' id='word_1_315' title='bbox 823 4123 860 4174; x_wconf 92' lang='lat' dir='ltr'>uti</span> <span class='ocrx_word' id='word_1_316' title='bbox 874 4121 967 4176; x_wconf 85' lang='lat' dir='ltr'>solent.</span> 
     </span>
    </p>
   </div>
   <div class='ocr_carea' id='block_1_4' title="bbox 0 0 1342 4800">
    <p class='ocr_par' dir='ltr' id='par_1_8' title="bbox 0 0 1342 4800">
     <span class='ocr_line' id='line_1_40' title="bbox 0 0 1342 4800; baseline 0 0"><span class='ocrx_word' id='word_1_317' title='bbox 0 0 1342 4800; x_wconf 95' lang='lat' dir='ltr'> </span> 
     </span>
    </p>
   </div>
  </div>
 </body>
</html>
