2648 4800
226 348 270 430 ilo
601 349 637 412 C.
663 347 897 414 SUETONII

224 499 331 570 quum
346 499 382 542 se
398 478 613 541 innocentem
630 474 890 567 proclamasset,
909 473 1058 558 reduxit3
1075 475 1279 569 abscisaque

223 584 357 677 lingua,
371 608 490 652 rursus
502 582 644 651 induxit.

269 699 422 762 XXVIII.
442 685 648 761 Revocatum
669 693 840 788 quendam
857 721 877 761 a
893 712 1006 762 vetere
1024 695 1141 764 exsilio
1163 698 1275 763 scisci·

221 822 328 889 tatus,
342 804 505 899 quidnam
517 804 562 870 ibi
573 805 683 871 facere
695 824 906 889 consuesset,
922 804 1149 899 respondente
1159 829 1203 872 eo
1214 829 1276 899 per

222 915 468 998 adulationem,
486 918 599 982 «Deos
612 938 746 1006 semper
757 918 866 999 oravi,
880 934 931 998 ut,
945 915 1039 1011 quod
1052 919 1179 998 evenit,
1191 917 1275 1008 peri·

221 1046 273 1096 ret
286 1027 460 1110 Tiberius,
476 1044 509 1094 et
523 1043 560 1094 tu
574 1029 756 1119 imperares
767 1054 801 1109 5²³
821 1030 981 1120 opinans,
997 1023 1058 1096 sibi
1071 1052 1275 1124 quoquerex·

223 1140 315 1208 sules
335 1164 415 1208 suos
432 1156 576 1207 mortem
592 1141 788 1233 imprecari,
808 1143 898 1206 misit
912 1143 1036 1207 circum
1051 1137 1198 1238 insulas,
1218 1141 1272 1233 qui

159 1315 166 1327 ,
221 1255 398 1320 universos
424 1249 729 1319 contrucidarent¹.
755 1255 868 1336 Quum
892 1251 1036 1344 discerpi
1060 1257 1271 1347 ²senatorem

222 1366 454 1456 concupisset,
475 1363 690 1443 subornavit,
710 1365 767 1456 qui
786 1361 1029 1454 ingredientem
1046 1366 1203 1444 Curiam,
1223 1385 1272 1427 re-

220 1488 324 1566 pente
346 1472 478 1541 hostem
501 1471 676 1565 publicum
698 1471 927 1566 appellantes,
954 1469 1171 1554 invaderent,
1199 1495 1271 1564 gra-

221 1581 397 1678 phiisque³
414 1583 629 1663 confossum,
645 1579 864 1649 lacerandum
876 1585 995 1650 ceteris
1007 1582 1190 1649 traderent.
1208 1586 1274 1648 Nec

222 1709 301 1760 ante
312 1695 450 1760 satiatus
463 1709 529 1771 est,
547 1716 650 1785 quam
665 1690 816 1758 membra
829 1710 862 1759 et
875 1709 967 1759 artus
979 1709 1013 1759 et
1023 1695 1153 1759 viscera
1166 1691 1273 1759 homi·

223 1806 275 1869 nis
287 1819 393 1869 tracta
403 1826 466 1893 per
478 1803 589 1882 vicos,
602 1817 703 1895 atque
716 1818 795 1867 ante
808 1825 843 1868 se
856 1819 1014 1892 congesta
1025 1800 1174 1869 vidisset]

268 1917 387 1980 XXIX.
415 1913 659 1978 lmmanissima
682 1911 770 1977 lacta
793 1912 937 2002 augebat
960 1914 1133 1980 atrocitate
1155 1911 1274 2000 verbo·

221 2051 311 2093 rum.
330 2008 444 2093 «Nihil
456 2026 562 2116 magis
573 2025 608 2089 in
624 2039 745 2089 natura
759 2045 822 2088 sua
830 2021 969 2089 laudare
981 2047 1017 2090 se
1028 2047 1069 2091 ao
1079 2024 1269 2117 probare,-

221 2136 372 2220 dicebat,
401 2160 576 2231 uquam‚»
604 2151 642 2200 ut
662 2137 768 2227 ipsius
789 2133 892 2201 verbo
916 2153 1007 2219 utar,
1034 2149 1272 2230 ιιὰδιατριψῑαυῑ.»

223 2251 376 2316 Monenti
389 2251 542 2315 Antonia·
556 2249 660 2328 aviae,
681 2263 841 2339 tanquam
861 2270 981 2337 parum
1000 2267 1088 2314 esset
1105 2272 1176 2315 non
1194 2246 1273 2315 ohe-

221 2358 312 2440 dire,
330 2388 344 2417 a
355 2363 545 2435 Memento,
562 2359 626 2436 ait,
646 2357 760 2420 omnia
775 2355 857 2421 milri
875 2372 907 2421 et
924 2358 957 2421 in
972 2366 1111 2423 omnes²
1128 2356 1270 2453 licere.»

221 2467 466 2537 Trucidaturus
486 2467 643 2546 fratrem,
665 2489 767 2558 quem
786 2484 877 2533 metu
898 2491 1106 2534 venenorum
1125 2491 1273 2559 praemu·

258 2711 375 2763 XXVIII.
390 2711 533 2763 imisit...
544 2711 589 2782 qui
599 2712 727 2763 universos
806 2712 900 2761 XXIX.
924 2731 945 2764 1.
959 2710 1134 2781 'Adrerprlt'cr
1149 2711 1273 2763 immobi-

221 2791 439 2848 coutrucidarent.
462 2791 541 2842 Conf.
561 2791 630 2858 Dio,
648 2794 726 2856 LIX,
771 2787 871 2841 litatem
892 2790 996 2856 animi,
1018 2811 1071 2863 quo
1089 2788 1224 2843 vocabulo
1243 2789 1275 2841 de

226 2875 267 2925 18.
283 2868 359 2921 Philo
373 2870 509 2933 etiam‚in
520 2867 725 2934 Flaccum,sub
770 2868 918 2920 Stoicorum
943 2868 1091 2936 α’ναιοθιοίᾳ
1116 2872 1201 2921 utitur
1225 2870 1275 2920 La-

222 2953 267 3004 lin.
279 2964 304 3002 et
314 2951 375 3019 Lag.
385 2947 420 2999 ad
429 2947 535 3010 Caium,
547 2947 645 2998 cadem
652 2948 726 2999 illam
771 2958 851 2998 etant.
864 2949 899 2997 Vl
906 2984 915 3011 ,
929 2965 968 3016 ¹7·
980 2947 1117 2999 Laudabat
1126 2948 1207 3000 Caius
1217 2967 1275 2999 eam

222 3029 341 3084 exsulum
361 3045 375 3077 a
394 3027 571 3078 Caiofactam
587 3040 724 3077 memorat.
771 3026 852 3075 animi
877 3025 1048 3092 firmitatem,
1077 3045 1130 3098 qua
1160 3027 1277 3079 immotis

221 3113 289 3163 Rem
308 3106 428 3174 indigitat
447 3106 539 3157 Senec.
562 3104 669 3155 Consul.
691 3105 727 3158 ad
772 3104 855 3155 oeulis
876 3105 1058 3156 cruentissima
1083 3103 1277 3176 suppliciorum

223 3188 315 3262 Pot5b.
332 3204 390 3255 cap.
405 3184 438 3235 32
456 3206 461 3235 :
483 3209 493 3229 α
504 3182 650 3236 Clementia
664 3198 726 3251 tua,
772 3185 922 3255 spectacula
930 3184 1186 3257 adspicerepoterat.
1198 3186 1277 3240 Haud

223 3272 326 3334 Caesar,
343 3265 439 3327 efficit,
457 3278 486 3315 ut
503 3265 660 3334 quietiorem
677 3265 726 3316 sub
771 3265 861 3333 inepta
881 3279 920 3315 est
938 3264 1025 3335 glossa
1043 3264 1129 3316 Codd.
1149 3269 1277 3337 quorum·

222 3365 249 3402 te
263 3359 342 3417 agant
354 3345 434 3394 vitam
450 3341 568 3409 exsules,
584 3361 661 3414 quam
677 3363 728 3394 nu·
772 3339 848 3404 dam,
867 3339 938 3392 «hoc
952 3357 1004 3407 est,
1019 3343 1275 3406 inverecundiam·

222 3448 271 3501 per
284 3425 333 3478 sub
346 3423 409 3476 Caio
423 3440 500 3492 egere
512 3423 653 3492 principes.
665 3423 727 3472 Non
772 3415 946 3487 &suspiriosas
965 3422 1035 3472 enim
1054 3440 1121 3490 saepe
1143 3437 1183 3474 est
1204 3422 1278 3475 aitte*-

222 3505 373 3577 trcpidant,
392 3520 441 3552 nec
456 3518 504 3570 per
518 3497 634 3567 singulas
648 3499 726 3551 horas
773 3501 843 3551 σθαι.
865 3500 932 3552 Vide
953 3500 1065 3554 Gasaub.
1086 3501 1119 3552 ad
1140 3502 1214 3556 hunc
1235 3505 1276 3558 lo-

223 3584 513 3657 glodIumexspectant,
522 3576 612 3629 necad
622 3597 727 3631 omnem
772 3599 849 3645 cum,
862 3594 888 3631 et
900 3581 934 3631 ef.
950 3580 1015 3645 Dio,
1029 3581 1101 3646 LIX,
1118 3599 1157 3633 to.
1318 3643 1320 3647 Ι

225 3667 331 3718 navium
344 3672 518 3730 conspectum
529 3670 634 3728 pavent.
647 3681 657 3703 n
810 3675 834 3710 2.
854 3660 890 3708 Et
901 3661 928 3709 in
939 3678 1033 3712 omnes.
1050 3662 1087 3712 Ita
1099 3679 1159 3714 cum
1172 3662 1273 3717 Ernest.

258 3760 281 3795 2.
293 3742 377 3809 Quum
385 3737 495 3808 discerpi
501 3736 666 3801 Senatorem,
676 3751 726 3788 ete.
773 3753 800 3791 et
812 3737 985 3811 Oudendorp.
1001 3740 1143 3794 edidimus.
1160 3744 1240 3815 Vulg.
1252 3758 1278 3798 et

225 3821 392 3877 Scribonium
414 3817 556 3870 Proculum
576 3815 639 3868 dicit
658 3820 727 3884 Dio,
775 3819 884 3869 homini.
903 3818 1039 3890 Reliquam
1054 3820 1177 3875 lectionis
1192 3828 1276 3877 varie-

225 3901 299 3962 LIX,
316 3897 365 3962 26,
378 3895 426 3948 ubi
438 3895 505 3947 ride.
774 3909 854 3948 tatem
871 3899 1040 3971 virorumque
1053 3899 1195 3954 doctorum
1215 3923 1278 3956 con·

262 3979 287 4030 3.
310 3976 439 4047 Graphiis.
454 3974 522 4026 Vide
539 3989 594 4027 not.
613 3974 647 4026 ad
663 3976 726 4028 Cas.
771 3977 887 4044 jecturas
908 3977 967 4029 vide
986 3978 1059 4049 apud
1081 3981 1224 4035 Burmann.
1252 3998 1277 4035 et

227 4076 286 4128 cap.
303 4057 345 4106 82.
775 4054 948 4126 Oudendorp.
