2648 4800
540 406 798 474 CALIGULA.
1152 409 1196 477 23

140 540 218 605 iniit
228 536 339 623 solus,
354 558 443 617 nou,
456 550 495 602 ut
504 533 644 630 quidam
653 537 850 627 opinantur,
862 532 1021 627 superbia
1031 533 1200 627 negligen-

142 653 249 733 tiave,
268 646 330 717 sed
342 645 437 742 quod
452 644 651 717 defunctum
669 646 735 716 sub
750 645 981 717 Kalendarum
996 645 1087 715 diem
1098 646 1198 716 colle·

141 782 221 852 gam
244 760 386 826 rescisse
406 756 529 826 absens
549 782 620 827 non
640 774 809 851 potuerat.
831 759 1049 849 Congiarium
1070 757 1199 852 populo

139 866 195 938 bis
204 870 460 939 dedittrecenos
472 872 658 938 sestertios:
669 873 768 938 toties
778 867 1109 937 abundantissimum
1118 894 1200 964 epu·

80 1049 88 1064 ,
140 977 233 1048 lum⁶
250 983 386 1049 Senatui
399 983 617 1077 equestrique
632 979 758 1062 ordini,
777 983 879 1047 etiam
895 977 1099 1073 conjugibus
1109 979 1199 1049 acli-

139 1089 233 1160 beris
255 1108 490 1187 utrorumque.
518 1094 705 1161 Posteriore
729 1092 847 1185 epulo,
871 1093 1034 1161 forensia⁷
1057 1078 1199 1185 insuper

140 1206 239 1286 viris,
263 1205 396 1272 feminis
420 1229 461 1273 ac
483 1208 597 1298 pueris
620 1204 758 1273 fascias⁸
782 1229 945 1300 purpurae
967 1229 1007 1272 ac
1030 1203 1199 1298 conchylii

139 1312 323 1383 distribuit.
339 1320 382 1383 Et
392 1333 432 1383 ut
447 1315 594 1384 laetitiam
611 1314 782 1410 publicam
793 1320 829 1384 in
846 1334 1050 1410 perpetuum
1060 1337 1198 1410 quoque

139 1441 297 1518 angeret,
313 1422 436 1518 adjecit
447 1425 536 1494 diem
553 1425 822 1509 satumalibusv,
839 1425 1089 1520 appellavitque
1100 1429 1198 1492 Juve

139 1536 260 1603 nalem.

188 1650 311 1712 xvttt.
337 1650 482 1714 Munera
506 1646 702 1738 gladiatoria
726 1650 850 1740 partim
879 1649 915 1714 in
940 1643 1196 1739 Amphitheatro

138 1758 265 1839 Tauri,
282 1759 405 1849 partim
423 1759 459 1823 in
472 1761 615 1850 Septis¹,
631 1757 763 1852 aliquot
774 1758 895 1840 edidit,
913 1756 1038 1852 quibus
1053 1758 1208 1843 inseruit,

138 1882 292 1934 catervas
306 1868 462 1935 Afrorum
472 1872 791 1963 Campanorumque
805 1867 976 1961 pugilum,
993 1890 1035 1934 ex
1051 1884 1196 1959 utraque

138 1981 278 2071 regione
298 1979 586 2049 electissimorum.
610 1987 729 2075 Neque
749 1980 949 2072 spectaculis
971 2002 1106 2070 semper
1123 1980 1196 2068 ipse

137 2087 314 2183 proesedit3
328 2087 389 2157 sed
399 2089 572 2158 interdum
583 2107 643 2158 aut
653 2090 905 2181 magistratibus
915 2105 976 2156 aut
985 2088 1101 2155 amicis
1112 2108 1197 2178 prae·

137 2199 272 2269 sidendi
289 2226 415 2270 munus
425 2200 583 2296 injunxit.
597 2205 752 2272 Scenicos
768 2199 868 2269 ludos
882 2217 915 2268 et
925 2199 1076 2283 assidue,
1090 2214 1125 2266 et
1137 2222 1195 2266 va·

136 2314 179 2378 rii
195 2314 346 2403 generis,
362 2337 403 2379 ac
415 2312 633 2381 multifariam
645 2314 740 2380 fecit:
754 2310 927 2408 quondam
941 2326 974 2378 et
989 2326 1194 2391 nocturnos,

136 2524 185 2574 riri
196 2521 271 2575 docti
282 2523 359 2593 (vide
370 2525 473 2578 Ernest.
487 2527 594 2577 Excurs.
607 2523 642 2577 ad
686 2523 752 2590 bns,
765 2522 953 2588 femoralibus,
967 2520 1117 2584 tibialibus,
1133 2538 1192 2591 qun

135 2600 164 2652 h.
178 2600 195 2653 l.
205 2600 232 2670 ),
248 2603 295 2656 sed
312 2606 425 2669 frustra,
444 2606 466 2655 si
478 2603 543 2675 quid
555 2604 640 2655 video.
686 2617 789 2656 veteres
800 2604 898 2654 nostris
910 2601 1006 2653 similia
1018 2599 1192 2671 ignorabant,

135 2683 259 2733 Errorern
271 2682 399 2735 Suetonio
412 2682 539 2735 excidisse
551 2685 641 2734 existi·
686 2681 858 2734 haberentur.
872 2680 938 2732 Vide
950 2681 1059 2733 Salmas.
1072 2678 1106 2731 ad
1118 2679 1193 2731 Lam·

134 2779 190 2813 mo.
206 2763 394 2834 Interpretatio
405 2765 475 2815 enirn
486 2763 590 2814 Mulleri
599 2762 644 2814 rui
685 2760 754 2833 prid.
764 2760 839 2812 Alex.
850 2759 908 2813 Seu.
920 2778 980 2832 cap.
992 2759 1040 2826 403
1050 2762 1153 2812 Ernstt.
1164 2760 1192 2810 in

133 2843 275 2913 conjunxit
287 2861 337 2912 per
352 2841 452 2894 «simul
464 2861 526 2893 oum
538 2842 641 2913 collega
686 2840 758 2892 Chr.
768 2840 822 2892 Cic.
832 2838 882 2891 sub
891 2839 984 2890 vocab.
991 2837 1193 2911 fasciu,fatcio·

133 2921 232 2988 gessit,
243 2942 254 2966 ι
273 2933 302 2971 ut
317 2920 400 2972 Cicer.
414 2924 466 2972 Pro
478 2919 536 2990 lege
548 2921 639 2972 Manil.
687 2917 733 2984 loe,
743 2917 898 2989 strophium.

133 3017 195 3071 cap.
214 3017 249 3066 9,
270 3000 369 3052 bellum
388 3004 545 3074 conjungere
560 3001 640 3065 dicit,
722 3016 747 3067 9.
779 2998 884 3068 Adjecit
907 2997 977 3048 dim
1000 2993 1190 3049 Sarmalius.

132 3096 195 3129 cum
207 3078 385 3132 usu‘Suetonii
394 3098 514 3151 pugnare
523 3078 641 3146 videtur,
685 3077 836 3142 ni0,1.tx,
848 3078 873 3130 6.
888 3078 929 3130 De
940 3072 1122 3129 Saturnalium
1135 3073 1190 3128 die·

133 3171 331 3228 supranotato.
684 3153 754 3220 hus,
772 3156 856 3206 auctis
873 3154 908 3205 ab
927 3172 982 3205 uno
1001 3151 1036 3203 ad
1055 3154 1190 3224 quinque,

169 3237 195 3288 6.
214 3236 301 3289 Totiet
309 3237 565 3291 abundantissimum
577 3255 639 3307 epu·
684 3232 803 3305 disputat
813 3236 931 3306 Lipsius,
942 3232 1048 3284 Saturn.
1059 3234 1087 3292 l,
1099 3233 1115 3285 3
1126 3247 1151 3285 et
1162 3234 1187 3300 4.

132 3317 205 3380 lun,
219 3331 270 3369 etc.
290 3319 361 3369 Ann.
374 3336 443 3388 790,
455 3331 517 3389 post
533 3316 639 3370 dedica·
683 3317 723 3366 Dc
730 3318 789 3385 ipso
798 3315 866 3368 festo
874 3313 1033 3367 videllosin.
1041 3314 1103 3365 Ant.
1110 3315 1186 3366 Rom.

131 3411 190 3448 turn
204 3396 335 3467 templum
346 3400 457 3466 Augusti
471 3399 555 3468 (uto,
567 3398 638 3463 th,
682 3396 728 3461 tv,
744 3393 788 3458 16,
802 3413 863 3465 pag.
879 3395 937 3462 294.

132 3477 180 3546 7),
192 3489 219 3527 et
232 3493 292 3527 ann
307 3492 357 3546 79²
370 3475 454 3546 (Dio,
466 3495 526 3548 cap.
541 3477 597 3546 13).
717 3477 809 3527 xvnt.
829 3492 850 3526 t.
864 3476 966 3526 Partim
977 3474 1006 3524 in
1016 3471 1189 3542 Amphithea-

168 3555 339 3622 7.Fomtsia‚
348 3552 403 3606 scil.
412 3556 578 3607 vestimenta.
586 3555 639 3624 Op·
683 3567 722 3608 tro
733 3555 828 3618 Tauri,
838 3555 937 3626 partim
949 3555 977 3605 iu
988 3553 1079 3623 Septis.
1090 3552 1131 3603 De
1140 3550 1186 3603 illo

130 3649 271 3706 ponuntur
283 3636 325 3688 his
339 3636 486 3688 domestica.
501 3633 570 3686 Vide
580 3639 638 3687 Au·
681 3635 716 3688 cf.
725 3634 759 3685 ad
766 3637 878 3705 August.
886 3651 932 3703 ²9³
941 3633 975 3685 de
982 3634 1068 3704 Septis
1075 3630 1110 3683 ad
1117 3634 1186 3700 Aug.

130 3728 201 3784 gust.
216 3733 276 3786 cap.
292 3717 334 3785 73.
682 3717 736 3783 43ς
756 3715 790 3766 de
809 3717 903 3767 insano
919 3715 1025 3780 furore,
1043 3730 1096 3784 quo
1115 3713 1189 3781 ejus·-

167 3795 193 3846 8.
208 3794 637 3866 FasdimNariusfusciammerat
681 3794 755 3846 modi
768 3794 920 3866 spectacula
934 3791 1040 3845 amabat
1051 3789 1189 3860 Caligula,

131 3876 290 3938 usus,varia
302 3876 408 3925 materia
420 3886 446 3925 et
456 3874 579 3945 pretium.
589 3871 637 3923 llll·
680 3874 740 3927 vide
750 3877 818 3927 infra
828 3894 887 3946 cop.
900 3873 941 3939 54.
952 3873 1030 3925 Conf.
1038 3873 1103 3935 Dio,
1112 3870 1186 3932 th,

130 3954 189 4021 gari
201 3955 233 4005 iis
242 3953 366 4005 solebant
377 3952 536 4026 obvoluique
545 3965 636 4025 pecto·
684 3970 724 4006 to.
733 3956 827 4005 Postea
835 3953 924 4005 malim
933 3950 1135 4004 lectissimorum.
1143 3949 1188 4000 Li·

131 4050 176 4099 rs,
187 4033 306 4098 femora,
319 4033 402 4098 tibia,
417 4032 527 4106 aliaeque
539 4050 637 4103 corpo·
681 4046 736 4084 tera
751 4052 765 4083 e
782 4031 893 4084 adhaesit
905 4030 1038 4084 vocabulo
1055 4048 1070 4081 e
1086 4047 1186 4101 prece-

132 4110 166 4162 tit
182 4123 287 4181 partes,
302 4124 333 4162 nt
348 4111 416 4164 adeo
431 4131 481 4183 pro
495 4110 637 4182 pectorali·
681 4110 761 4164 dente
775 4112 888 4184 regione.
