2648 4800
529 392 786 457 CALIGULA.
946 432 948 436 ·
1146 419 1180 459 tt

131 517 373 584 Germanicum
389 529 506 581 exacto
522 515 701 583 consulatu
720 519 755 583 in
774 515 917 584 Galliam
936 521 1096 602 missum,
1111 543 1189 589 con·

130 629 300 709 sentiunt,
315 622 387 718 jam
402 640 482 692 nato
497 629 586 693 Caio.
603 631 673 694 Nec
689 626 786 694 Plinii
802 629 997 719 opinionem
1016 631 1189 722 inscriptio

129 763 200 806 arae
218 731 402 833 quicquam
419 735 604 829 adjuverit,
627 763 734 832 quum
753 741 937 832 Agrippina
956 739 1007 805 bis
1027 742 1061 806 in
1082 763 1121 806 ea
1139 766 1189 808 rc-

131 853 231 941 gione
247 847 334 916 filias
353 851 451 916 enixa
470 851 531 931 sit,
552 866 586 916 et
603 849 850 943 qualiscunque
868 865 1006 940 partus,
1026 852 1099 918 sine
1117 851 1189 920 ullo

131 986 233 1030 sexus
259 961 474 1043 discrimine,
499 962 717 1056 puerperium⁵
747 978 908 1044 vocetur;
938 960 1031 1054 quod
1058 966 1189 1058 antiqui

130 1077 234 1141 etiam
248 1071 380 1164 puellas
395 1097 529 1167 pucras,
549 1075 636 1140 sicut
654 1090 689 1140 et
704 1097 828 1164 pueros
844 1073 968 1166 puellos
986 1072 1186 1141 dictitarent.

130 1186 249 1249 Exstat
268 1198 302 1248 et
325 1185 465 1273 Augusti
486 1182 644 1275 epistola,
668 1175 747 1250 ante
768 1206 914 1275 paucos,
937 1208 1040 1278 quarn
1061 1183 1187 1266 obiret,

130 1317 266 1360 menses
287 1293 331 1360 ad
352 1296 572 1386 Agrippinam
593 1311 730 1387 neptem
750 1297 795 1361 ita
817 1297 941 1386 scripta
960 1293 1003 1361 de
1023 1297 1103 1362 Caio
1123 1294 1189 1362 hoc

131 1405 260 1495 (neque
273 1405 363 1469 enim
376 1406 557 1497 quisquam
565 1400 637 1496 jam
649 1404 736 1472 alius
749 1405 860 1471 infans
872 1408 1009 1472 nomine
1021 1408 1095 1496 pari
1106 1421 1189 1472 tunc

129 1519 341 1604 supererat):
361 1543 374 1572 a
386 1519 534 1580 Puerum
548 1517 666 1581 Caium
681 1515 933 1608 quintodecimo
949 1514 1116 1582 Kalendas
1130 1520 1149 1582 J
1152 1539 1188 1581 u·

129 1626 195 1707 nii,
213 1627 242 1692 si
258 1628 312 1691 Dii
329 1624 463 1708 volent,
479 1643 518 1693 ut
535 1625 699 1695 ducerent
712 1628 868 1701 Talarius
884 1644 917 1694 et
935 1625 1096 1709 Asellius,
1115 1628 1189 1694 heri

131 1759 211 1804 cum
229 1736 282 1830 his
296 1740 465 1804 constitui.
481 1740 581 1805 Mitto
600 1756 763 1831 praeterea
777 1764 856 1807 curn
868 1763 908 1806 eo
926 1762 967 1806 ex
983 1742 1089 1807 servis
1103 1742 1188 1807 meis

130 1844 319 1930 medicum,
332 1871 452 1943 quem,
467 1852 587 1942 scripsi
605 1854 819 1932 Germanico,
838 1854 866 1918 si
882 1849 999 1931 vellet,
1015 1867 1054 1917 ut
1069 1852 1190 1916 retine-

131 1974 192 2023 ret.
211 1955 364 2041 Valebis,
380 1983 458 2026 mea
471 1963 671 2053 Agrippina,
688 1977 721 2029 et
737 1959 832 2028 dabis
847 1983 1003 2054 operam,
1018 1976 1056 2027 ut
1071 1958 1188 2026 valens

131 2069 309 2160 pervenias
327 2069 371 2137 ad
391 2073 630 2139 Germanicum
646 2087 784 2138 tuum.»
809 2070 952 2138 Abunde
966 2070 1110 2137 arbitror
1129 2092 1189 2161 pa-

132 2203 222 2263 rere,
242 2204 312 2248 non
333 2184 483 2274 potuisse
501 2182 548 2250 ibi
566 2185 660 2249 nasci
676 2186 811 2264 Caium,
832 2206 900 2276 quo
916 2204 1023 2273 prope
1039 2177 1189 2247 bimulus

133 2292 270 2361 demum
277 2292 459 2386 perductus
468 2295 511 2361 ab
520 2294 610 2362 Urbe
619 2297 672 2361 sit.
680 2294 934 2361 Versiculorum
942 2317 1078 2387 quoque
1086 2289 1189 2358 fidem

133 2403 250 2471 eadem
266 2402 340 2472 haec
356 2404 504 2487 elevant,
520 2425 554 2473 et
572 2431 611 2474 eo
630 2406 779 2488 facilius,
797 2404 889 2500 quod
905 2404 941 2470 hi
961 2407 1033 2470 sine
1051 2419 1189 2470 auctore

133 2535 223 2581 sunt.
237 2517 415 2611 Sequenda
427 2535 479 2585 est
490 2520 603 2611 igitur,
623 2543 700 2612 quae
717 2517 789 2585 sola
805 2518 991 2606 [actorum]
1006 2531 1107 2582 restat
1123 2516 1189 2603 [et]
1233 2509 1238 2528 '

133 2624 260 2717 publici
278 2629 492 2696 instrumenti
511 2627 728 2696 auctoritas⁶z
751 2631 940 2721 praesertim
961 2651 1068 2721 quum
1089 2617 1209 2692 Caius'

134 2740 284 2820 Antium,
307 2739 464 2806 omnibus
485 2763 619 2832 semper
638 2738 720 2808 locis
739 2757 842 2834 atque
864 2739 1052 2807 secessibus
1070 2736 1191 2829 praela·

133 2862 224 2930 tum,
237 2871 307 2914 non
323 2848 430 2932 aliter,
443 2873 547 2944 quam
558 2849 670 2918 natale
685 2850 815 2932 solum,
832 2849 1003 2932 dilexerit;
1019 2847 1188 2914 tradatur·
1287 2837 1290 2847 ’

135 2983 199 3053 que
223 2962 341 3043 etiam,
365 2959 481 3029 sedem
502 2986 543 3029 ac
568 2962 778 3030 domicilium
804 2964 936 3055 imperii
961 2959 1062 3027 taedio
1087 2959 1190 3025 Urbis

134 3070 314 3138 transferre
326 3095 366 3137 eo
381 3071 577 3140 destinasse.
1178 3082 1183 3092 ‘

179 3184 236 3246 tx.
267 3179 427 3271 Caligulae
450 3193 657 3274 cognomen¹
684 3187 847 3252 castrensi
864 3182 943 3278 joco
966 3184 1085 3265 traxit,
1110 3183 1190 3278 quia

168 3383 519 3455 §.primumprirnum
532 3385 635 3439 tib.v1:
683 3408 715 3441 ex
737 3390 955 3460 interpretatione
975 3386 1074 3458 publici
1095 3387 1191 3438 instru-

137 3463 239 3516 ePueri
260 3466 415 3518 femininum
433 3487 545 3539 pueram
566 3466 638 3521 diee-
682 3461 780 3535 tuenti,
793 3467 865 3540 quod
875 3479 949 3538 patet
961 3469 1040 3518 etiam
1052 3484 1084 3517 ex
1095 3467 1190 3516 vitiosa

134 3541 197 3596 bant
215 3547 408 3617 antiquissimi,
426 3547 498 3599 unde
515 3561 541 3599 et
556 3566 638 3620 puer·
682 3549 710 3599 in
731 3546 853 3598 omnibus
872 3544 944 3597 libris
963 3547 1117 3616 scriptione.
1136 3545 1190 3595 Re-

132 3644 207 3696 pera,
224 3645 282 3697 quar
294 3647 404 3698 puerum
416 3629 458 3681 vel
466 3647 577 3703 pueram
587 3648 637 3700 pa·
683 3640 762 3698 cepto
774 3625 867 3679 vocab.
881 3638 995 3678 actorum
1003 3665 1012 3692 ‚
1026 3624 1127 3677 addidit
1139 3623 1189 3675 ali-

135 3709 195 3755 rit·
215 3704 287 3757 idem
306 3705 386 3759 docet
403 3727 463 3760 voc.
482 3706 591 3781 puella,
610 3707 638 3760 id
683 3706 742 3776 quic
762 3716 787 3757 ct
807 3719 869 3757 ante
888 3701 990 3774 publici
1013 3701 1188 3754 instrumenti.

135 3797 184 3849 est,
198 3784 320 3856 puerulo.
682 3782 797 3839 wolfius
810 3797 952 3854 utrumque
965 3783 1062 3834 omisit.
1077 3783 1134 3834 Nisi
1148 3799 1190 3832 se-

166 3864 192 3915 6.
208 3864 270 3933 Qua
280 3863 334 3917 sola
344 3863 492 3940 [actorum]
502 3880 576 3921 restat
586 3864 638 3940 [et]
684 3878 809 3937 queretur
817 3864 969 3928 auctoritas,
978 3860 1132 3927 suaderem,
1141 3860 1189 3913 Se·

132 3940 229 4011 publici
238 3943 404 3997 iustntmenti
413 3948 559 3998 auctoritas.
571 3947 638 3997 Cum
682 3944 786 4018 quenda
800 3955 836 3995 est
850 3944 930 4015 ἐρίων
941 3942 1058 4008 auctori,
1074 3956 1132 4011 quoe
1148 3955 1189 3992 so-

135 4019 304 4089 Casaubono,
314 4023 416 4076 Graevio
427 4038 453 4077 et
463 4024 636 4095 Oudendorp.
685 4023 725 4087 la,
741 4035 792 4074 ete.

135 4113 249 4154 aelorum
260 4104 288 4153 in
295 4108 505 4158 textumvenisse
514 4118 638 4176 putamus
719 4104 763 4154 tx.
781 4120 803 4154 t.
820 4100 947 4176 Calipuloe
962 4116 1122 4172 copuomeu,
1137 4110 1186 4150 etc.
