2648 4800
214 380 252 456 ι4
585 375 621 438 C.
647 369 882 438 SUETONII

207 507 318 586 nium,
332 502 444 597 qu0d³
457 501 691 593 sagacissimus
704 523 808 569 senex
818 501 865 565 ita
876 521 1016 591 prorsus
1028 520 1262 593 perspexerat,

208 629 247 681 ut
262 613 438 707 aliquoties
453 608 667 703 praedicaret,
685 611 812 675 «exitio
831 631 893 676 suo
909 610 1130 705 omniumque
1146 613 1264 680 Caium

207 727 365 792 viverem
388 739 437 804 et,
462 743 524 787 nse
542 721 706 786 natricem
724 720 905 810 [serpentis
924 716 959 783 id
976 716 1119 810 lgenus]
1135 720 1265 814 populo

208 841 378 916 Romano,
394 830 639 900 Phaethontem
656 830 730 898 orbi
745 846 912 898 terrarum
927 830 1109 899 educere.»

254 951 328 1013 ΧΠ.
356 948 430 1011 Non
443 944 489 1009 ita
503 942 611 1008 multo
624 958 703 1035 post
715 943 851 1008 Juniam
865 939 1084 1024 Claudillam,
1101 946 1148 1010 M.
1163 941 1266 1010 Silani

203 1053 408 1122 nobilissimi
427 1055 490 1119 viri
505 1050 626 1135 filiam,
646 1050 743 1119 duxit
760 1061 932 1135 uxorem¹.
953 1050 1082 1119 Deinde
1098 1059 1215 1145 Augur
1229 1056 1266 1120 in

208 1163 322 1231 locum
338 1163 450 1230 fratris
468 1165 521 1229 sui
538 1164 658 1229 Drusi²
673 1161 879 1243 destinatus,
894 1165 989 1253 prius
1006 1187 1108 1256 quam
1123 1165 1267 1255 inaugu·
1301 1177 1313 1192 ¹

186 1276 188 1280 ’
209 1290 353 1355 raretur,
370 1273 414 1341 ad
428 1273 665 1366 pontificatum
680 1270 856 1339 traductus
871 1268 959 1338 est³t
979 1274 1102 1363 insigni
1117 1275 1267 1340 testimo-

208 1383 289 1452 niol
309 1387 442 1476 pietatis
463 1399 565 1478 atque
584 1382 724 1463 indolis,
745 1407 871 1476 quum,
894 1381 1028 1450 deserta
1046 1381 1266 1478 desolataque

94 1492 100 1499 ⁴
208 1492 347 1588 reliquis
360 1492 534 1561 subsidiis⁵
548 1493 644 1575 aula,
660 1488 780 1584 Sejano
792 1491 983 1577 hoste-tunc
995 1509 1171 1585 suspect0,
1185 1516 1266 1560 mox

209 1623 244 1672 et
252 1630 431 1699 oppresso,
444 1605 488 1673 ad
500 1630 596 1698 spem
609 1607 830 1673 successionis
841 1604 1002 1697 paulatim
1014 1603 1263 1674 admoveretur.

208 1721 318 1803 Quam
337 1742 406 1813 quo
425 1721 531 1810 magis
551 1715 782 1801 confirmaret,
800 1719 925 1785 amissa
946 1720 1047 1786 Junia
1065 1713 1126 1784 ⁶ex
1144 1734 1264 1811 partu,

244 1939 271 1992 3.
289 1940 365 2011 Quod
374 1941 549 2013 saqocissimns
560 1940 714 1992 reuerita...
761 1938 787 1991 Si
801 1938 881 1992 Dioni
895 1938 974 1993 fides.
989 1940 1085 2006 Lvtu,
1104 1939 1136 2006 8,
1155 1938 1266 1991 biennio

207 2032 385 2092 perspexerat,
396 2035 447 2073 etc.
456 2022 533 2074 Conf.
544 2022 611 2086 Dio,
620 2019 715 2082 Lvlu,
761 2031 836 2082 ante,
846 2037 907 2069 nnn.
918 2019 979 2088 784.
986 2019 1092 2071 Certum
1101 2018 1208 2090 quidem
1217 2032 1266 2084 cst,

210 2101 254 2153 23.
267 2103 399 2173 Nepotem
413 2103 491 2152 eriam
502 2120 578 2152 suum
590 2102 714 2163 eDruso,
760 2095 915 2148 Suetonium
929 2098 1012 2148 nimio
1029 2098 1163 2149 brevitatis
1176 2097 1266 2149 studio

208 2181 359 2246 Tiberium,
377 2199 392 2232 s
407 2183 471 2233 Caio
483 2182 651 2231 interemtum
667 2178 715 2238 iri,
761 2188 879 2247 tempora
901 2176 1011 2246 paulum
1029 2178 1175 2229 miscuisse.
1196 2179 1268 2228 Nam

208 2271 379 2330 perspexerat
392 2257 529 2323 Tiberius,
546 2269 654 2308 auctore
669 2274 715 2306 eo·
759 2255 944 2327 pontificatum
956 2254 1013 2306 Caii
1025 2254 1058 2306 ad
1072 2274 1132 2306 ann.
1147 2256 1198 2324 784
1210 2274 1268 2326 pen

210 2335 271 2387 dem
282 2338 384 2396 Dione,
396 2355 455 2406 cap.
468 2339 512 2387 cit.
523 2337 607 2386 Tacit.
619 2333 715 2385 Annal.
760 2336 856 2400 tinere,
870 2333 966 2386 docent
979 2347 1074 2404 praeter
1084 2336 1197 2386 Dionem
1208 2354 1263 2387 ver·

209 2417 258 2479 vl,
269 2411 319 2481 46:
336 2414 391 2463 «Et
404 2413 434 2463 C.
449 2413 558 2479 Caesari,
572 2414 643 2462 forte
655 2425 715 2461 orto
760 2412 796 2464 be
804 2414 901 2484 Scjonc
913 2413 1009 2466 hoste...
1021 2431 1146 2486 oppresso.
1155 2415 1268 2468 Constat

210 2512 348 2559 sermone,
362 2494 393 2544 L.
404 2491 503 2545 Sullam
515 2492 647 2557 irridenti,
660 2510 716 2543 om·
761 2492 846 2555 enim,
865 2492 988 2561 Sejanum
1010 2492 1107 2544 obiisse
1122 2511 1183 2544 ann.
1204 2493 1265 2565 784.

209 2576 255 2626 nia
266 2573 348 2628 Snllae
358 2575 438 2637 vitio,
451 2584 477 2624 et
490 2572 592 2624 naellam
603 2572 715 2644 ejusdem
760 2572 812 2626 Sed
823 2592 904 2644 quum
914 2577 1046 2643 Augurem
1057 2575 1159 2625 fectum
1168 2593 1268 2627 narras·

210 2657 331 2707 virtutem
352 2654 500 2705 habiturum
508 2693 517 2719 ‚
535 2652 662 2724 praedixit.
678 2654 716 2705 Si·
760 2667 800 2705 set
809 2653 915 2716 Caium,
928 2653 1160 2724 subjungitstatim
1171 2669 1268 2707 auctor

209 2732 264 2784 mul
277 2732 375 2785 crebris
387 2751 448 2785 cum
460 2732 574 2785 lacrimis
587 2734 716 2784 minorem
759 2734 931 2804 pontificatus
960 2736 1142 2802 mentionem,
1170 2752 1267 2806 qnam-

209 2833 241 2867 ex
254 2814 396 2887 nepotibus
406 2813 581 2885 complexus,
596 2816 664 2867 truci
679 2813 715 2866 al·
761 2833 841 2885 qnam
851 2814 957 2866 biennio
969 2825 1029 2865 onte
1039 2815 1066 2864 in
1077 2812 1153 2865 illum
1165 2814 1266 2866 collati.

209 2896 290 2947 terius
304 2893 394 2959 vultu,
414 2892 518 2946 Occides
530 2893 601 2945 bunc
616 2904 659 2958 tu,
674 2895 716 2944 in·
760 2892 827 2947 Vide
840 2895 989 2964 Baumgart.

184 3020 187 3039 ,
210 2976 281 3044 quit,
295 2983 321 3025 et
335 2985 358 3025 te
372 2970 472 3025 alius.»
795 2971 821 3038 4.
840 2973 943 3046 Ιηςὶφιί
956 2972 1117 3039 testimonio,
1131 2972 1188 3024 scil.
1199 2991 1215 3024 a
1224 2973 1268 3025 Ti·

245 3053 271 3118 4.
294 3052 426 3124 Serpentis
444 3050 473 3103 id
489 3070 579 3124 penus.
600 3051 716 3102 Manife·
759 3051 833 3104 berio
845 3051 879 3103 de
890 3053 989 3123 pietate
1001 3051 1057 3104 Caii
1072 3069 1133 3121 erga
1145 3071 1174 3103 se
1186 3065 1268 3123 etque

211 3144 281 3186 stum
298 3132 446 3202 glossema,
461 3134 501 3184 uti
515 3134 566 3200 iam
584 3130 628 3183 alii
642 3130 716 3203 judi·
760 3128 848 3184 indole
862 3130 926 3183 lato.

210 3212 408 3263 csmnt.Uncis
423 3209 588 3263 inclusimus.
802 3210 827 3261 5.
851 3209 970 3282 Reliquis
994 3209 1130 3271 subsidiis,·
1154 3212 1268 3263 mortuis

246 3291 302 3342 ΧΠ.
329 3308 351 3342 1.
370 3292 482 3343 Juniam
503 3287 715 3343 Claudillam...
761 3289 918 3342 Germanico
931 3303 956 3340 et
969 3289 1069 3352 Druso,
1085 3289 1140 3341 filio
1152 3289 1268 3358 Tiberii,

210 3368 286 3422 duxit
299 3385 422 3430 uxorem
436 3369 498 3418 ann.
514 3367 574 3437 786.
588 3367 652 3418 Tac.
664 3367 717 3418 An·
761 3367 871 3420 sublatis
895 3367 1018 3420 fratribus
1037 3367 1111 3433 Caii,
1134 3369 1221 3420 Druso
1241 3366 1269 3421 et

210 3448 263 3500 nal.
274 3449 324 3512 Vl,
336 3463 383 3510 ao,
399 3470 410 3493 α
421 3446 475 3500 Sub
487 3446 558 3499 idem
570 3459 675 3517 tempus
685 3445 716 3499 C.
760 3446 876 3500 Nerone.

211 3527 306 3593 Caesar,
321 3524 467 3579 discedenti
479 3527 595 3598 Capreas
608 3543 658 3578 avo
671 3546 717 3580 eo·
796 3528 824 3579 6.
842 3527 943 3580 Antissa
954 3529 1037 3580 Junia
1050 3545 1082 3579 ex
1093 3538 1182 3599 partu.
1197 3529 1267 3594 Dio,

210 3623 280 3672 mes,
297 3603 452 3670 Claudiam,
468 3606 505 3656 M.
526 3603 605 3657 Silani
619 3603 716 3671 liliam,
761 3606 833 3673 LIX,
846 3605 876 3672 8,
890 3606 924 3658 ad
936 3625 997 3658 ann.
1010 3625 1076 3677 790,
1087 3613 1126 3660 ris
1138 3604 1269 3676 &eyms'pa

212 3686 337 3756 conjugio
346 3685 478 3756 accepit·
490 3686 657 3754 Dio,LV111,
669 3684 716 3753 25,
760 3687 803 3738 esi
816 3687 916 3740 Σιλιιιοῦ
929 3683 1064 3748 ἐκβαλόντι
1076 3686 1111 3737 ad
1124 3685 1268 3754 Orestillae,

211 3763 246 3816 ad
258 3783 320 3817 ann.
333 3765 383 3834 788
396 3765 486 3817 refert·
761 3765 795 3818 de
808 3784 860 3837 qua
873 3765 933 3818 ride
945 3786 1004 3838 cap.
1023 3765 1070 3834 25,
1085 3767 1192 3837 nuptias
1205 3786 1268 3819 eum

248 3863 273 3897 π.
289 3845 322 3896 ln
338 3842 424 3896 locum
431 3845 553 3916 fratris...
565 3845 657 3913 Drusi,
670 3848 717 3918 qui
761 3847 917 3917 processisse
926 3845 998 3897 dicit.
1012 3845 1078 3897 Cum
1090 3847 1189 3898 Nostro
1202 3866 1268 3898 con·

211 3925 290 3995 periit
308 3942 371 3976 ann.
394 3923 454 3994 786.
473 3924 551 3977 conf.
575 3924 715 3978 ed'Tiber.
762 3927 841 3979 sentit
853 3927 937 3978 Tacit.
955 3925 1050 3979 Annei.
1064 3928 1112 3992 vl,
1129 3927 1179 3993 45,
1197 3945 1268 3978 mor·

212 4021 273 4075 cap.
291 4002 333 4070 54.
762 4019 814 4057 tem
834 4007 918 4057 Juniae
938 4002 1054 4058 Claudiae
1074 4003 1109 4057 ad
1129 4024 1193 4058 ann.
1214 4004 1267 4076 789

249 4080 275 4132 3.
286 4080 329 4132 Aa
335 4077 519 4153 pontificatum
531 4081 662 4138 traductio
671 4096 716 4139 est.
762 4086 888 4138 referens.
