2648 4800
479 395 737 467 eumcum.
1116 423 1136 487 9

83 525 227 593 victimis
240 524 282 588 ,in
297 516 500 613 Capitolium
516 543 720 588 concursum
739 534 806 602 est,
825 543 865 587 ac
882 544 980 613 paene
993 521 1137 590 revulsae

82 634 202 727 templi
222 633 328 715 fores,
350 654 394 697 ne
414 628 496 724 quid
515 632 696 721 gestientes
714 645 793 696 vota
810 627 952 698 reddere
970 654 1139 699 moraren-

82 760 171 816 turt.
191 740 493 837 Expergefactuse
514 764 634 807 somno
653 739 808 807 Tiberius
827 755 879 808 est
897 741 1138 832 gratulantium

81 853 243 935 vocibus,
265 869 368 945 atque
389 847 541 944 undique
560 852 829 932 concinentium,
853 880 866 916 s
878 849 975 918 Salva
994 851 1138 934 ³R0ma,

82 961 178 1032 salva
197 963 324 1055 patria,
347 959 460 1026 salvus
482 975 534 1026 est
551 960 818 1025 Germanicuslr
841 957 905 1026 Sed
924 973 962 1024 ut
982 958 1138 1043 demum,

82 1073 154 1140 fato
168 1071 340 1153 functum,
358 1068 472 1162 palam
490 1068 619 1135 factum
638 1083 705 1150 est,
724 1092 794 1136 nou
808 1067 935 1135 solatiis
951 1067 1049 1151 ullis,
1071 1095 1140 1138 nou

83 1181 202 1250 edictis
215 1180 359 1253 inhiberi
377 1179 489 1246 luctus
506 1178 664 1272 publicus
681 1181 806 1272 potuit,
822 1177 1022 1274 duravitque
1039 1183 1140 1258 etiam

18 1308 23 1317 ·
81 1317 146 1386 per
160 1293 264 1361 festos
277 1290 469 1359 Decembris
480 1292 607 1358 mensis
624 1288 726 1358 diest.
741 1293 842 1358 Auxit
853 1290 995 1384 gloriam
1011 1289 1141 1360 deside-

80 1405 242 1497 riumque
263 1400 412 1482 defuncti
436 1404 538 1469 etiam
560 1403 718 1468 atrocitas
739 1403 991 1496 insequentium
1013 1417 1142 1496 tempo-

81 1537 180 1595 rum,
196 1515 405 1580 cunctis'nec
421 1528 547 1578 temere
560 1510 795 1604 opinantibus,
811 1515 999 1579 reverentia
1013 1509 1086 1606 ejus
1101 1537 1142 1580 ac

81 1640 179 1692 metu
191 1647 380 1716 repressam
392 1623 519 1691 Tiberii
533 1622 731 1706 saevitiam⁵,
750 1646 826 1716 quae
839 1646 918 1690 mox
930 1627 1092 1716 eruperit.

131 1739 208 1802 Vll.
234 1733 361 1801 Habuit
378 1735 414 1799 in
432 1736 647 1801 matrimonio
665 1735 902 1826 Agrippinam,
919 1739 966 1801 M.
984 1737 1141 1828 Agrippae

84 1860 120 1912 et
133 1843 234 1913 Juliae
247 1843 367 1928 filiam,
382 1861 416 1912 et
427 1869 467 1912 ex
482 1870 522 1911 ea
534 1870 655 1913 novem
668 1844 791 1913 liberos
806 1844 899 1912 tulit:
917 1869 1061 1939 quorum
1072 1844 1141 1912 duo

83 1955 231 2023 infantes
245 1954 357 2023 adhuc
371 1959 475 2049 rapti,
490 1981 579 2024 unus
590 1953 663 2049 jam
676 1978 898 2049 puerascens,
918 1957 1040 2047 insigni
1056 1954 1143 2022 festi-

83 2069 201 2150 vitate,
219 2063 317 2159 cujus
334 2065 480 2158 effigiem
496 2067 612 2137 habitu
624 2067 799 2161 Cupidinis
816 2070 851 2134 in
863 2065 935 2135 aede
947 2065 1143 2158 Capitoliuae

85 2181 244 2252 Veneris¹
263 2181 356 2246 Livia
371 2176 554 2260 dedicavit,
570 2187 742 2272 Augustus
755 2183 790 2245 in
806 2177 963 2250 cubiculo
979 2201 1040 2245 suo
1054 2179 1143 2273 posi·

85 2307 171 2374 tam,
193 2293 461 2385 quotiescunque
482 2293 652 2374 introiret,
672 2289 939 2358 exosculabatur.
960 2291 1069 2357 Ceteri
1089 2313 1143 2356 su·

86 2404 247 2494 perstites
263 2405 349 2494 patri
369 2402 519 2473 fuerumt.
533 2407 617 2469 Tres
634 2424 734 2470 sexus
753 2400 921 2482 feminini,
939 2403 1141 2493 Agrippina,

87 2511 250 2595 Drusilla,
264 2510 398 2594 Livilla,
412 2515 573 2580 continuo
585 2514 730 2580 triennio
742 2528 847 2579 natae:
861 2509 1002 2578 totidem
1013 2534 1141 2591 mares,
1209 2556 1213 2563 ·

88 2626 177 2690 Nero
191 2638 225 2689 et
238 2627 368 2691 Drusus
382 2638 416 2690 et
426 2627 462 2691 C.
481 2628 605 2692 Caesar.
622 2629 790 2690 Neronem
808 2639 841 2690 et
856 2628 1024 2691 Drusum²
1045 2624 1144 2690 Sena-

89 2747 159 2814 tus,
171 2731 308 2807 Tiberio
320 2735 540 2818 criminante,
554 2733 668 2802 hostes
677 2731 850 2826 judicavit.

124 3001 149 3037 a.
160 2986 204 3038 Ne
213 2985 279 3058 quid
287 2985 450 3060 gestientes...
463 3005 593 3040 morareu-
638 3005 746 3059 quoque
758 3000 879 3056 tempora
890 2983 927 3037 illi
937 2983 1056 3035 diversa:
1071 3000 1144 3052 egre·

90 3074 140 3114 tur.
150 3063 288 3135 Optimam
300 3083 358 3116 eam
370 3068 519 3136 recepimus
531 3083 593 3117 cum
637 3069 708 3137 giurn
719 3069 772 3118 vita
787 3068 910 3136 famaque
922 3062 1010 3136 quoad
1024 3064 1144 3134 privatus

90 3144 231 3196 Burmann.
246 3144 423 3218 Oudendorp.
438 3149 540 3197 Ernest.
555 3143 594 3196 le·
638 3144 678 3197 vel
694 3149 720 3198 in
737 3147 854 3218 imperiis
872 3144 921 3196 sub
941 3147 1060 3215 Augusto
1077 3143 1143 3205 fuit3

89 3223 301 3296 ctionemvulg.
315 3238 467 3278 moraretur.
479 3226 592 3278 Sensus:
639 3226 773 3278 occultum
794 3245 824 3277 ac
848 3224 992 3277 subdolum
1015 3222 1143 3295 lingendis

89 3323 121 3357 ne
132 3304 207 3357 fores
219 3324 248 3358 se
258 3319 321 3358 vota
332 3305 441 3358 reddere
452 3307 594 3376 gestientes
639 3305 796 3370 virtutibus,
815 3304 902 3355 donec
920 3303 1093 3355 Germanicus
1113 3318 1144 3353 ac

51 3444 55 3454 '
89 3381 155 3453 quid
167 3380 213 3452 (id
228 3395 283 3449 est,
296 3404 336 3449 m,
353 3382 441 3457 aliquo
459 3382 539 3435 modo
552 3381 594 3433 vel
638 3386 742 3437 Drusus
754 3385 920 3456 superfuere.
932 3407 943 3429 ι

89 3461 199 3533 aliquod
216 3465 399 3536 momentum)
416 3473 593 3530 morarentur,
675 3467 731 3516 Vll.
744 3482 767 3515 t.
780 3467 813 3517 In
825 3465 879 3515 oede
892 3461 1046 3534 Capitolina
1060 3459 1143 3515 Vene-

89 3540 247 3594 detinerant.
639 3548 682 3598 n's.
706 3546 932 3597 Commemoratur
955 3546 1033 3594 etiam
1056 3542 1143 3607 infra,

124 3620 149 3673 3.
164 3618 245 3673 Salva
257 3621 355 3686 Roma,
368 3633 419 3672 etc.
432 3623 528 3673 Versus
540 3633 594 3671 tro·
639 3623 716 3676 Galb.
732 3644 791 3696 cap.
808 3625 848 3676 18.
861 3622 928 3673 Vide
943 3620 1052 3672 Nardin.
1067 3622 1144 3671 Rom.

89 3698 196 3751 cbaiem
208 3711 359 3751 tetrameter
371 3699 548 3751 catalecticus.
639 3706 737 3769 Vet.V,
750 3703 794 3766 16,
803 3703 861 3774 qui,
871 3699 1058 3752 utrumeadem
1066 3712 1145 3768 atque

124 3777 150 3845 4.
172 3780 226 3830 Per
236 3779 320 3850 festos
337 3779 485 3832 Decembris
500 3776 595 3830 mensis
639 3782 761 3851 Erycino?
781 3780 888 3834 Veneris
909 3777 977 3831 aedcs
996 3779 1092 3842 fuerit,
1111 3795 1144 3827 an

90 3858 143 3910 dies
147 3880 157 3920 ‚-
172 3857 330 3909 Saturnalia.
643 3858 744 3924 Calvoe,
758 3878 791 3911 an
804 3873 829 3912 et
842 3859 964 3924 alterius,
976 3860 1105 3908 incertum
1118 3874 1144 3906 se

125 3935 151 3988 5.
168 3938 322 3989 Reverentia
335 3955 439 4008 qus...
455 3953 594 4006 repressam
640 3937 747 3988 fatetur.

92 4016 190 4069 Tiberii
198 4019 333 4070 sevitiam.
344 4018 423 4068 Coul.
433 4017 500 4082 Dio,
512 4014 595 4082 LVII,
677 4032 702 4065 a.
721 4016 853 4068 Neronem
865 4026 891 4066 et
899 4016 1028 4080 Drusum,
1041 4025 1091 4076 etc.
1102 4011 1144 4064 cf.

94 4114 133 4164 ¹9·
143 4096 226 4149 Tacit.
237 4094 332 4148 Annal.
343 4096 393 4160 Vl,
408 4094 455 4146 51:
469 4118 480 4140 α
491 4113 594 4145 morum
640 4092 728 4146 Tiber.
744 4095 787 4161 54.
