2648 4800
468 353 726 416 CALIGULA.
1086 359 1125 425 15

68 490 215 559 Enniam
231 485 399 566 Naviam,
419 483 589 567 Macronis
604 475 781 563 uxorem7,
797 485 856 575 qui
872 497 945 549 tum
958 490 1129 576 praetoria.

69 603 123 669 nis
142 593 339 666 cohortibus
358 607 520 685 praeerat,
536 590 730 659 sollicitavit
747 589 789 657 ad
809 608 985 684 stuprum,
1000 595 1128 688 pollici·

70 728 125 780 tus
139 726 174 777 et
183 707 439 776 matrimonium
451 727 569 785 suum,
585 705 613 770 si
627 704 755 795 potitus
767 705 908 796 imperio
920 704 1054 775 fuisset:
1071 707 1129 776 de·
1160 723 1162 726 ’

71 846 137 918 que
152 845 192 889 ea
204 843 243 886 re
257 833 291 885 et
304 812 545 911 jurejurando,
561 830 595 881 et
610 813 835 907 chirographo
851 819 950 884 cavit.
964 823 1027 885 Per
1040 819 1129 889 hanc

71 935 261 1001 insinuatus
276 929 446 1010 Macroni,
459 948 592 992 veneno
603 924 779 992 Tiberium
793 950 972 1017 aggressus
990 928 1074 1013 est⁸,
1091 948 1131 998 ut

73 1040 213 1138 quidam
233 1041 435 1131 opinantur:
459 1037 667 1130 spirantique
687 1033 801 1104 adhuc
819 1034 951 1104 detrahi
968 1039 1129 1143 anulum,

73 1172 124 1237 et,
138 1154 302 1248 quoniam
314 1150 541 1241 suspicionem
553 1149 727 1215 retinentis
740 1145 858 1230 dabat,
873 1148 1053 1241 pulvinum
1061 1151 1131 1246 jus-

74 1270 115 1336 sit
125 1263 353 1359 injici,atque
365 1264 466 1328 etiam
479 1261 593 1328 fauces
606 1284 712 1327 manu
723 1283 785 1328 sua
795 1266 979 1354 oppressit,
992 1265 1129 1350 liberto,

74 1380 131 1474 qui
147 1376 192 1445 ob
208 1376 417 1444 atrocitatem
438 1372 595 1476 facinoris
614 1371 878 1456 exclamaverat,
901 1375 1077 1446 confestim
1094 1382 1130 1447 in

73 1510 211 1557 crucem
224 1500 310 1552 acto.
325 1487 394 1549 Nec
411 1481 572 1548 abhorret
582 1506 603 1547 a
614 1484 769 1562 veritate,
787 1506 894 1576 quum
912 1486 980 1552 sint
993 1486 1130 1580 quidam

73 1616 247 1680 auctores,
260 1599 373 1688 ipsum
390 1609 526 1686 postea,
544 1595 605 1660 etsi
617 1617 687 1660 non
700 1592 742 1661 de
753 1594 920 1687 perfecto,
937 1614 1074 1667 atcerte
1088 1601 1130 1670 de

74 1712 219 1803 cogitato
232 1702 406 1803 quondam
416 1701 613 1797 parricidio,
626 1703 828 1795 professum.
840 1705 1027 1775 Gloriatum
1041 1714 1131 1778 enim

74 1845 147 1890 esse
165 1817 319 1900 assidue,
340 1819 375 1883 in
394 1811 692 1883 commemoranda
714 1838 774 1881 sua
793 1817 936 1906 pietate,
961 1848 973 1878 a
985 1817 1029 1885 ad
1048 1820 1131 1889 ulci-

74 1927 235 1999 scendam
254 1951 374 1994 necem
393 1925 511 1992 matris
532 1939 565 1990 et
579 1924 723 1991 fratrum
741 1926 897 1994 introisse
917 1951 1049 1996 secum
1068 1956 1131 2023 pu·

74 2045 174 2136 gione
186 2039 382 2110 cubiculum
394 2038 520 2106 Tiberii
532 2035 746 2118 dormientis,
760 2047 811 2104 et⁹
823 2039 1050 2107 misericordia
1062 2065 1133 2109 cor·

73 2168 227 2246 reptum,
241 2148 373 2243 abjecto
388 2149 477 2216 ferro
492 2151 690 2216 recessisse:
712 2170 775 2213 nec
794 2146 908 2229 illum,
926 2174 1132 2245 quamquam

74 2265 253 2342 sensisset,
268 2276 328 2326 aut
343 2261 514 2353 inquirere
532 2260 730 2351 quicquam,
748 2272 807 2322 aut
818 2261 957 2352 exsequi
968 2284 1100 2328 ausum.
1114 2293 1128 2322 e

112 2377 216 2464 XIII.
242 2374 293 2440 Sic
309 2373 491 2464 imperium
505 2367 664 2460 adeptus,
678 2366 845 2460 populum
856 2373 1062 2455 Romanum,
1078 2371 1133 2440 vel

74 2485 188 2554 dicam
201 2483 380 2551 hominum
392 2506 517 2575 genus,
530 2483 598 2548 voti
614 2491 822 2571 compotem¹
839 2481 933 2565 fecit,
951 2489 1133 2578 exoptatis·

74 2599 182 2664 simus
197 2596 357 2686 Princeps
372 2596 526 2660 maximae
542 2593 629 2685 parti
645 2590 903 2683 provincialium
917 2618 956 2661 ac
969 2594 1132 2680 militum,

72 2705 170 2802 quod
190 2705 356 2774 infantem
377 2703 530 2799 plerique
552 2718 802 2794 cognoverant;
827 2702 886 2771 sed
909 2721 943 2772 et
965 2710 1133 2777 universas

111 2975 139 3028 7.
158 2958 277 3010 Enniam
294 2960 433 3024 Navium,
450 2959 584 3011 Macronis
628 2957 685 3009 dies
704 2957 825 3023 fovebat,
843 2958 1054 3032 impuleratque,
1071 2977 1135 3033 post

72 3052 199 3101 uorem,
212 3047 263 3088 etc.
273 3037 378 3087 Naerius
388 3034 519 3088 Sertorius
529 3038 584 3088 Ma·
629 3050 741 3089 mortem
751 3036 883 3103 Claudite,
896 3056 974 3110 quum
987 3052 1099 3111 nuptam
1108 3043 1134 3094 ei

73 3131 123 3167 cro
145 3113 203 3184 (its
224 3117 295 3166 enim
315 3114 464 3185 appellatur
484 3117 582 3182 Dioni,
628 3115 721 3181 retuli,
733 3133 843 3167 uxorem
857 3135 932 3167 suam
944 3118 1070 3184 Enniam,
1083 3121 1135 3171 im·

73 3193 176 3260 LVIII,
185 3194 217 3264 9)
229 3196 390 3264 praecipuam
400 3193 507 3245 ‘I'iherio
520 3213 584 3264 ope·
628 3193 757 3269 mittendo
771 3212 860 3246 amore
876 3198 1000 3265 juvenem
1018 3185 1133 3266 diluere,

74 3291 135 3324 ram
144 3274 304 3343 prestiterat
316 3275 343 3324 iu
356 3271 531 3344 opprimendo
541 3273 584 3326 Se·
628 3286 764 3343 pactoque
774 3275 937 3325 matrimonii
945 3277 1057 3344 vincire,
1068 3277 1135 3331 nihil

72 3355 156 3423 jano,
175 3353 221 3404 cui
239 3355 366 3406 successit
383 3354 409 3403 in
432 3351 584 3405 cohortium
629 3351 1136 3430 abnuentem,dumdominationisepi·

75 3433 302 3502 praetorianarum
308 3433 478 3502 prefecturu3
488 3432 583 3502 Sejano
629 3444 776 3483 sectetur.»
791 3431 858 3484 Vide
871 3433 951 3489 Dion.
965 3436 1059 3503 LVIII,
1072 3440 1115 3492 28.

73 3510 198 3575 «laetior,
214 3522 244 3562 ut
257 3512 396 3562 Arruntius
410 3510 485 3582 apud
498 3511 582 3562 Tacit.
665 3511 945 3564 &Venenertterium
953 3527 1133 3589 aggressusest.

76 3587 175 3641 Annei.
193 3590 241 3649 vt,
259 3588 309 3653 48,
322 3602 416 3659 postea
435 3607 450 3641 a
469 3588 534 3640 Caio
550 3585 585 3641 ad
629 3591 697 3644 Vide
708 3591 797 3643 Tiber.
811 3593 854 3661 73.
867 3594 947 3659 Mox,
959 3614 1009 3664 pro
1021 3600 1137 3650 retinen·

76 3680 193 3719 mortem
201 3667 325 3719 adactus:
336 3666 472 3728 rideinfra
480 3667 514 3719 ad
524 3686 584 3740 cap.
631 3671 675 3735 tis,
687 3670 794 3721 Reines.
807 3669 841 3721 ad
854 3674 998 3741 marginem
1009 3673 1071 3727 edit.
1084 3675 1136 3728 Ca·

78 3746 124 3800 16.
139 3745 196 3798 Caii
208 3763 270 3798 curn
280 3764 361 3798 uxore
375 3739 432 3817 ejus
441 3760 585 3800 consuetu·
630 3748 706 3801 saub.
721 3750 836 3818 conjecit
850 3751 992 3803 renitentis.

77 3825 168 3877 dinem
178 3827 301 3893 Tacitus,
313 3825 409 3878 Annsl.
419 3829 468 3891 VI,
484 3826 535 3895 45,
549 3829 586 3879 ita
665 3845 691 3896 9.
711 3828 748 3878 Et
762 3827 945 3880 misericordia.
961 3829 1014 3881 Alii
1029 3849 1135 3886 suasere

79 3918 183 3958 uamat:
208 3907 309 3957 mimia
323 3907 378 3975 jam
393 3909 513 3976 potentia
527 3906 586 3958 Ma·
630 3906 688 3973 sed,
699 3906 829 3960 Illullerus
841 3919 877 3961 at.

78 3987 185 4050 cronia,
202 3988 252 4056 ‘qui
272 3987 382 4056 gratiam
406 3985 435 4036 C.
457 3985 585 4054 Caesaris,
665 3989 735 4040 XIII.
755 4005 778 4039 1.
794 3988 855 4042 Voti
869 3999 1023 4061 compotem.
1038 3988 1133 4042 Gram-

79 4080 219 4135 uuuqnsm
228 4063 278 4117 sihi
288 4062 452 4134 neglectam,
462 4068 548 4120 acrius
558 4070 585 4119 in
630 4070 725 4121 matice
737 4067 842 4140 quidem
853 4070 964 4120 refertur
977 4068 1029 4120 hoe
1040 4068 1073 4120 ad
1086 4089 1135 4143 po-
