<?xml version="1.0" encoding="UTF-8"?>
<!DOCTYPE html PUBLIC "-//W3C//DTD XHTML 1.0 Transitional//EN"
    "http://www.w3.org/TR/xhtml1/DTD/xhtml1-transitional.dtd">
<html xmlns="http://www.w3.org/1999/xhtml" xml:lang="en" lang="en">
 <head>
  <title>
</title>
<meta http-equiv="Content-Type" content="text/html;charset=utf-8" />
  <meta name='ocr-system' content='tesseract 3.04.00' />
  <meta name='ocr-capabilities' content='ocr_page ocr_carea ocr_par ocr_line ocrx_word'/>
</head>
<body>
  <div class='ocr_page' id='page_1' title='image "bibliothecaclas49lemagoog_0041.png"; bbox 0 0 2648 4800; ppageno 0'>
   <div class='ocr_carea' id='block_1_1' title="bbox 135 370 803 442">
    <p class='ocr_par' dir='ltr' id='par_1_1' title="bbox 135 370 803 442">
     <span class='ocr_line' id='line_1_1' title="bbox 135 370 803 442; baseline -0.015 0"><span class='ocrx_word' id='word_1_1' title='bbox 135 399 178 442; x_wconf 83' lang='lat' dir='ltr'><strong>ao</strong></span> <span class='ocrx_word' id='word_1_2' title='bbox 509 374 544 434; x_wconf 88' lang='lat' dir='ltr'><strong>C.</strong></span> <span class='ocrx_word' id='word_1_3' title='bbox 569 370 803 435; x_wconf 85' lang='lat' dir='ltr'>SUETONH</span> 
     </span>
    </p>
   </div>
   <div class='ocr_carea' id='block_1_2' title="bbox 130 493 1189 2230">
    <p class='ocr_par' dir='ltr' id='par_1_2' title="bbox 130 493 1189 2230">
     <span class='ocr_line' id='line_1_2' title="bbox 132 493 1186 591; baseline -0.008 -21"><span class='ocrx_word' id='word_1_4' title='bbox 132 497 296 571; x_wconf 84' lang='lat' dir='ltr'><strong>consultis</strong></span> <span class='ocrx_word' id='word_1_5' title='bbox 309 496 450 578; x_wconf 88' lang='lat' dir='ltr'><strong>abolita,</strong></span> <span class='ocrx_word' id='word_1_6' title='bbox 463 497 604 590; x_wconf 85' lang='lat' dir='ltr'>requiri,</span> <span class='ocrx_word' id='word_1_7' title='bbox 619 511 653 561; x_wconf 90' lang='lat' dir='ltr'><strong>et</strong></span> <span class='ocrx_word' id='word_1_8' title='bbox 668 517 741 562; x_wconf 89' lang='lat' dir='ltr'><strong>esse</strong></span> <span class='ocrx_word' id='word_1_9' title='bbox 755 495 791 560; x_wconf 92' lang='lat' dir='ltr'><strong>in</strong></span> <span class='ocrx_word' id='word_1_10' title='bbox 805 493 962 561; x_wconf 86' lang='lat' dir='ltr'><strong>manibus</strong></span> <span class='ocrx_word' id='word_1_11' title='bbox 974 493 1186 591; x_wconf 83' lang='lat' dir='ltr'>lectitarique</span> 
     </span>
     <span class='ocr_line' id='line_1_3' title="bbox 132 605 1186 707; baseline -0.008 -27"><span class='ocrx_word' id='word_1_12' title='bbox 132 613 301 707; x_wconf 83' lang='lat' dir='ltr'><strong>permisit:</strong></span> <span class='ocrx_word' id='word_1_13' title='bbox 315 607 453 706; x_wconf 87' lang='lat' dir='ltr'><strong>qnando</strong></span> <span class='ocrx_word' id='word_1_14' title='bbox 462 610 607 674; x_wconf 88' lang='lat' dir='ltr'><strong>maxime</strong></span> <span class='ocrx_word' id='word_1_15' title='bbox 617 629 679 672; x_wconf 84' lang='lat' dir='ltr'><strong>sun</strong></span> <span class='ocrx_word' id='word_1_16' title='bbox 689 609 882 687; x_wconf 79' lang='lat' dir='ltr'><strong>interesset,</strong></span> <span class='ocrx_word' id='word_1_17' title='bbox 896 621 934 671; x_wconf 92' lang='lat' dir='ltr'><strong>ut</strong></span> <span class='ocrx_word' id='word_1_18' title='bbox 942 605 1030 672; x_wconf 84' lang='lat' dir='ltr'><strong>facta</strong></span> <span class='ocrx_word' id='word_1_19' title='bbox 1039 630 1186 702; x_wconf 84' lang='lat' dir='ltr'><strong>quaeque</strong></span> 
     </span>
     <span class='ocr_line' id='line_1_4' title="bbox 132 715 1186 816; baseline -0.008 -26"><span class='ocrx_word' id='word_1_20' title='bbox 132 721 276 816; x_wconf 80' lang='lat' dir='ltr'><strong>posteris</strong></span> <span class='ocrx_word' id='word_1_21' title='bbox 295 718 483 787; x_wconf 86' lang='lat' dir='ltr'><strong>tradantur.</strong></span> <span class='ocrx_word' id='word_1_22' title='bbox 504 717 662 784; x_wconf 80' lang='lat' dir='ltr'><strong>Rationes</strong></span> <span class='ocrx_word' id='word_1_23' title='bbox 682 715 849 807; x_wconf 85' lang='lat' dir='ltr'><strong>imperii⁵,</strong></span> <span class='ocrx_word' id='word_1_24' title='bbox 870 715 914 783; x_wconf 85' lang='lat' dir='ltr'><strong>ab</strong></span> <span class='ocrx_word' id='word_1_25' title='bbox 935 722 1088 808; x_wconf 76' lang='lat' dir='ltr'><strong>Augusto</strong></span> <span class='ocrx_word' id='word_1_26' title='bbox 1107 740 1186 808; x_wconf 90' lang='lat' dir='ltr'><strong>pro·</strong></span> 
     </span>
     <span class='ocr_line' id='line_1_5' title="bbox 132 826 1186 927; baseline -0.009 -25"><span class='ocrx_word' id='word_1_27' title='bbox 132 835 214 927; x_wconf 92' lang='lat' dir='ltr'><strong>poni</strong></span> <span class='ocrx_word' id='word_1_28' title='bbox 231 831 363 913; x_wconf 75' lang='lat' dir='ltr'><strong>solitaS,</strong></span> <span class='ocrx_word' id='word_1_29' title='bbox 383 828 444 896; x_wconf 92' lang='lat' dir='ltr'><strong>sed</strong></span> <span class='ocrx_word' id='word_1_30' title='bbox 462 853 482 894; x_wconf 87' lang='lat' dir='ltr'><strong>a</strong></span> <span class='ocrx_word' id='word_1_31' title='bbox 500 826 636 896; x_wconf 85' lang='lat' dir='ltr'><strong>Tiberio</strong></span> <span class='ocrx_word' id='word_1_32' title='bbox 651 829 878 909; x_wconf 88' lang='lat' dir='ltr'><strong>intermissas,</strong></span> <span class='ocrx_word' id='word_1_33' title='bbox 897 826 1093 919; x_wconf 88' lang='lat' dir='ltr'><strong>publicavit.</strong></span> <span class='ocrx_word' id='word_1_34' title='bbox 1112 832 1186 894; x_wconf 89' lang='lat' dir='ltr'><strong>Ma·</strong></span> 
     </span>
     <span class='ocr_line' id='line_1_6' title="bbox 131 936 1185 1038; baseline -0.003 -26"><span class='ocrx_word' id='word_1_35' title='bbox 131 941 324 1038; x_wconf 79' lang='lat' dir='ltr'><strong>gistratibus</strong></span> <span class='ocrx_word' id='word_1_36' title='bbox 345 941 487 1009; x_wconf 89' lang='lat' dir='ltr'><strong>liberam</strong></span> <span class='ocrx_word' id='word_1_37' title='bbox 504 939 791 1034; x_wconf 88' lang='lat' dir='ltr'><strong>jurisdictionem,</strong></span> <span class='ocrx_word' id='word_1_38' title='bbox 813 957 846 1007; x_wconf 95' lang='lat' dir='ltr'><strong>et</strong></span> <span class='ocrx_word' id='word_1_39' title='bbox 859 936 939 1008; x_wconf 85' lang='lat' dir='ltr'><strong>&#39;sine</strong></span> <span class='ocrx_word' id='word_1_40' title='bbox 960 944 1014 1008; x_wconf 92' lang='lat' dir='ltr'><strong>sui</strong></span> <span class='ocrx_word' id='word_1_41' title='bbox 1034 942 1185 1035; x_wconf 87' lang='lat' dir='ltr'><strong>appella-</strong></span> 
     </span>
     <span class='ocr_line' id='line_1_7' title="bbox 132 1052 1186 1150; baseline -0.004 -25"><span class='ocrx_word' id='word_1_42' title='bbox 132 1061 242 1137; x_wconf 89' lang='lat' dir='ltr'><strong>tione,</strong></span> <span class='ocrx_word' id='word_1_43' title='bbox 264 1052 460 1123; x_wconf 79' lang='lat' dir='ltr'><strong>ooncessit⁶.</strong></span> <span class='ocrx_word' id='word_1_44' title='bbox 483 1056 621 1148; x_wconf 83' lang='lat' dir='ltr'><strong>Equites</strong></span> <span class='ocrx_word' id='word_1_45' title='bbox 642 1058 812 1121; x_wconf 87' lang='lat' dir='ltr'><strong>Romanos</strong></span> <span class='ocrx_word' id='word_1_46' title='bbox 830 1077 946 1121; x_wconf 87' lang='lat' dir='ltr'><strong>severe</strong></span> <span class='ocrx_word' id='word_1_47' title='bbox 964 1058 1186 1150; x_wconf 88' lang='lat' dir='ltr'><strong>curioseque,</strong></span> 
     </span>
     <span class='ocr_line' id='line_1_8' title="bbox 130 1164 1184 1260; baseline -0.003 -25"><span class='ocrx_word' id='word_1_48' title='bbox 130 1191 194 1235; x_wconf 91' lang='lat' dir='ltr'><strong>nec</strong></span> <span class='ocrx_word' id='word_1_49' title='bbox 206 1169 278 1235; x_wconf 89' lang='lat' dir='ltr'><strong>sine</strong></span> <span class='ocrx_word' id='word_1_50' title='bbox 290 1165 536 1246; x_wconf 84' lang='lat' dir='ltr'><strong>moderatione,</strong></span> <span class='ocrx_word' id='word_1_51' title='bbox 551 1168 781 1256; x_wconf 76' lang='lat' dir='ltr'><strong>reoognovit71</strong></span> <span class='ocrx_word' id='word_1_52' title='bbox 799 1164 912 1257; x_wconf 88' lang='lat' dir='ltr'><strong>palam</strong></span> <span class='ocrx_word' id='word_1_53' title='bbox 930 1165 1066 1233; x_wconf 85' lang='lat' dir='ltr'><strong>ademto</strong></span> <span class='ocrx_word' id='word_1_54' title='bbox 1079 1189 1184 1260; x_wconf 89' lang='lat' dir='ltr'><strong>equo,</strong></span> 
     </span>
     <span class='ocr_line' id='line_1_9' title="bbox 131 1274 1186 1374; baseline -0.002 -28"><span class='ocrx_word' id='word_1_55' title='bbox 131 1278 255 1374; x_wconf 88' lang='lat' dir='ltr'><strong>quibus</strong></span> <span class='ocrx_word' id='word_1_56' title='bbox 269 1295 328 1345; x_wconf 92' lang='lat' dir='ltr'><strong>aut</strong></span> <span class='ocrx_word' id='word_1_57' title='bbox 339 1276 454 1370; x_wconf 91' lang='lat' dir='ltr'><strong>probri</strong></span> <span class='ocrx_word' id='word_1_58' title='bbox 468 1274 597 1371; x_wconf 90' lang='lat' dir='ltr'><strong>aliquid</strong></span> <span class='ocrx_word' id='word_1_59' title='bbox 610 1292 670 1342; x_wconf 91' lang='lat' dir='ltr'><strong>aut</strong></span> <span class='ocrx_word' id='word_1_60' title='bbox 682 1278 875 1370; x_wconf 74' lang='lat' dir='ltr'><strong>ignominiae</strong></span> <span class='ocrx_word' id='word_1_61' title='bbox 890 1279 1031 1344; x_wconf 88' lang='lat' dir='ltr'><strong>inesset:</strong></span> <span class='ocrx_word' id='word_1_62' title='bbox 1048 1301 1186 1360; x_wconf 90' lang='lat' dir='ltr'><strong>eorum,</strong></span> 
     </span>
     <span class='ocr_line' id='line_1_10' title="bbox 131 1385 1187 1484; baseline -0.001 -29"><span class='ocrx_word' id='word_1_63' title='bbox 131 1391 190 1484; x_wconf 90' lang='lat' dir='ltr'><strong>qui</strong></span> <span class='ocrx_word' id='word_1_64' title='bbox 206 1390 337 1455; x_wconf 91' lang='lat' dir='ltr'><strong>minore</strong></span> <span class='ocrx_word' id='word_1_65' title='bbox 352 1387 452 1479; x_wconf 90' lang='lat' dir='ltr'><strong>culpa</strong></span> <span class='ocrx_word' id='word_1_66' title='bbox 468 1401 676 1465; x_wconf 87' lang='lat' dir='ltr'><strong>tenerentur,</strong></span> <span class='ocrx_word' id='word_1_67' title='bbox 694 1386 887 1454; x_wconf 86' lang='lat' dir='ltr'><strong>nominibus</strong></span> <span class='ocrx_word' id='word_1_68' title='bbox 902 1385 1005 1454; x_wconf 95' lang='lat' dir='ltr'><strong>modo</strong></span> <span class='ocrx_word' id='word_1_69' title='bbox 1018 1390 1053 1454; x_wconf 93' lang='lat' dir='ltr'><strong>in</strong></span> <span class='ocrx_word' id='word_1_70' title='bbox 1067 1390 1187 1454; x_wconf 86' lang='lat' dir='ltr'><strong>recita-</strong></span> 
     </span>
     <span class='ocr_line' id='line_1_11' title="bbox 131 1492 1186 1590; baseline 0.002 -27"><span class='ocrx_word' id='word_1_71' title='bbox 131 1501 223 1565; x_wconf 87' lang='lat' dir='ltr'><strong>tione</strong></span> <span class='ocrx_word' id='word_1_72' title='bbox 244 1499 433 1590; x_wconf 86' lang='lat' dir='ltr'><strong>praeteritis.</strong></span> <span class='ocrx_word' id='word_1_73' title='bbox 459 1501 505 1563; x_wconf 91' lang='lat' dir='ltr'><strong>Ut</strong></span> <span class='ocrx_word' id='word_1_74' title='bbox 523 1493 628 1562; x_wconf 82' lang='lat' dir='ltr'><strong>levior</strong></span> <span class='ocrx_word' id='word_1_75' title='bbox 646 1493 742 1562; x_wconf 87' lang='lat' dir='ltr'><strong>labor</strong></span> <span class='ocrx_word' id='word_1_76' title='bbox 759 1492 990 1588; x_wconf 88' lang='lat' dir='ltr'><strong>judicantibus</strong></span> <span class='ocrx_word' id='word_1_77' title='bbox 1013 1496 1118 1579; x_wconf 85' lang='lat' dir='ltr'><strong>foret,</strong></span> <span class='ocrx_word' id='word_1_78' title='bbox 1141 1497 1186 1565; x_wconf 84' lang='lat' dir='ltr'><strong>ad</strong></span> 
     </span>
     <span class='ocr_line' id='line_1_12' title="bbox 131 1604 1186 1707; baseline 0.001 -33"><span class='ocrx_word' id='word_1_79' title='bbox 131 1625 277 1707; x_wconf 87' lang='lat' dir='ltr'><strong>quatuor</strong></span> <span class='ocrx_word' id='word_1_80' title='bbox 288 1609 419 1701; x_wconf 90' lang='lat' dir='ltr'><strong>priores</strong></span> <span class='ocrx_word' id='word_1_81' title='bbox 429 1610 583 1701; x_wconf 83' lang='lat' dir='ltr'><strong>quintam</strong></span> <span class='ocrx_word' id='word_1_82' title='bbox 600 1604 772 1674; x_wconf 89' lang='lat' dir='ltr'><strong>decuriam</strong></span> <span class='ocrx_word' id='word_1_83' title='bbox 788 1605 947 1675; x_wconf 82' lang='lat' dir='ltr'><strong>addidit⁸.</strong></span> <span class='ocrx_word' id='word_1_84' title='bbox 963 1611 1121 1676; x_wconf 85' lang='lat' dir='ltr'><strong>Tentavit</strong></span> <span class='ocrx_word' id='word_1_85' title='bbox 1136 1627 1186 1689; x_wconf 90' lang='lat' dir='ltr'><strong>et,</strong></span> 
     </span>
     <span class='ocr_line' id='line_1_13' title="bbox 130 1718 1184 1811; baseline -0.002 -23"><span class='ocrx_word' id='word_1_86' title='bbox 130 1721 345 1788; x_wconf 81' lang='lat' dir='ltr'><strong>comitiorum</strong></span> <span class='ocrx_word' id='word_1_87' title='bbox 365 1741 459 1784; x_wconf 90' lang='lat' dir='ltr'><strong>more</strong></span> <span class='ocrx_word' id='word_1_88' title='bbox 480 1735 651 1799; x_wconf 89' lang='lat' dir='ltr'><strong>revocato,</strong></span> <span class='ocrx_word' id='word_1_89' title='bbox 676 1718 837 1810; x_wconf 78' lang='lat' dir='ltr'><strong>suffragia</strong></span> <span class='ocrx_word' id='word_1_90' title='bbox 860 1718 990 1811; x_wconf 94' lang='lat' dir='ltr'><strong>populo</strong></span> <span class='ocrx_word' id='word_1_91' title='bbox 1010 1719 1184 1787; x_wconf 82' lang='lat' dir='ltr'><strong>⁹reddere.</strong></span> 
     </span>
     <span class='ocr_line' id='line_1_14' title="bbox 130 1826 1188 1923; baseline -0.001 -25"><span class='ocrx_word' id='word_1_92' title='bbox 130 1835 255 1922; x_wconf 73' lang='lat' dir='ltr'><strong>Legata</strong></span> <span class='ocrx_word' id='word_1_93' title='bbox 272 1851 314 1895; x_wconf 85' lang='lat' dir='ltr'><strong>ex</strong></span> <span class='ocrx_word' id='word_1_94' title='bbox 327 1842 528 1895; x_wconf 88' lang='lat' dir='ltr'><strong>testamento</strong></span> <span class='ocrx_word' id='word_1_95' title='bbox 539 1826 682 1909; x_wconf 90' lang='lat' dir='ltr'><strong>Tiberii,</strong></span> <span class='ocrx_word' id='word_1_96' title='bbox 696 1851 904 1923; x_wconf 88' lang='lat' dir='ltr'><strong>quamquam</strong></span> <span class='ocrx_word' id='word_1_97' title='bbox 920 1828 1062 1912; x_wconf 88' lang='lat' dir='ltr'><strong>abolito,</strong></span> <span class='ocrx_word' id='word_1_98' title='bbox 1079 1828 1188 1897; x_wconf 87' lang='lat' dir='ltr'><strong>sedet</strong></span> 
     </span>
     <span class='ocr_line' id='line_1_15' title="bbox 130 1935 1186 2032; baseline 0.002 -24"><span class='ocrx_word' id='word_1_99' title='bbox 130 1938 230 2008; x_wconf 87' lang='lat' dir='ltr'><strong>Juliae</strong></span> <span class='ocrx_word' id='word_1_100' title='bbox 249 1944 424 2030; x_wconf 69' lang='lat' dir='ltr'><strong>Angusta,</strong></span> <span class='ocrx_word' id='word_1_101' title='bbox 446 1935 539 2032; x_wconf 94' lang='lat' dir='ltr'><strong>quod</strong></span> <span class='ocrx_word' id='word_1_102' title='bbox 557 1936 713 2005; x_wconf 88' lang='lat' dir='ltr'><strong>Tiberius</strong></span> <span class='ocrx_word' id='word_1_103' title='bbox 734 1957 985 2031; x_wconf 84' lang='lat' dir='ltr'><strong>suppresserat,</strong></span> <span class='ocrx_word' id='word_1_104' title='bbox 1006 1965 1084 2008; x_wconf 90' lang='lat' dir='ltr'><strong>cum</strong></span> <span class='ocrx_word' id='word_1_105' title='bbox 1099 1939 1186 2026; x_wconf 87' lang='lat' dir='ltr'><strong>fide,</strong></span> 
     </span>
     <span class='ocr_line' id='line_1_16' title="bbox 130 2045 1188 2139; baseline 0.003 -22"><span class='ocrx_word' id='word_1_106' title='bbox 130 2073 170 2131; x_wconf 80' lang='lat' dir='ltr'><strong>ac</strong></span> <span class='ocrx_word' id='word_1_107' title='bbox 179 2051 252 2117; x_wconf 90' lang='lat' dir='ltr'><strong>sine</strong></span> <span class='ocrx_word' id='word_1_108' title='bbox 262 2045 433 2114; x_wconf 84' lang='lat' dir='ltr'><strong>calumnia</strong></span> <span class='ocrx_word' id='word_1_109' title='bbox 443 2061 683 2139; x_wconf 86' lang='lat' dir='ltr'><strong>repraesentata</strong></span> <span class='ocrx_word' id='word_1_110' title='bbox 695 2047 902 2138; x_wconf 83' lang='lat' dir='ltr'><strong>persolvit&#39;0.</strong></span> <span class='ocrx_word' id='word_1_111' title='bbox 914 2053 1188 2121; x_wconf 88' lang='lat' dir='ltr'><strong>Ducentesimam</strong></span> 
     </span>
     <span class='ocr_line' id='line_1_17' title="bbox 130 2155 1189 2230; baseline 0.004 -4"><span class='ocrx_word' id='word_1_112' title='bbox 130 2160 328 2228; x_wconf 86' lang='lat' dir='ltr'><strong>auctionum</strong></span> <span class='ocrx_word' id='word_1_113' title='bbox 350 2156 455 2224; x_wconf 83' lang='lat' dir='ltr'><strong>ltaiiae</strong></span> <span class='ocrx_word' id='word_1_114' title='bbox 476 2159 649 2224; x_wconf 88' lang='lat' dir='ltr'><strong>remisit¹¹.</strong></span> <span class='ocrx_word' id='word_1_115' title='bbox 672 2155 790 2225; x_wconf 91' lang='lat' dir='ltr'><strong>Multis</strong></span> <span class='ocrx_word' id='word_1_116' title='bbox 811 2157 1044 2227; x_wconf 86' lang='lat' dir='ltr'><strong>incendiorum</strong></span> <span class='ocrx_word' id='word_1_117' title='bbox 1063 2159 1189 2230; x_wconf 88' lang='lat' dir='ltr'><strong>damna</strong></span> 
     </span>
    </p>
   </div>
   <div class='ocr_carea' id='block_1_3' title="bbox 131 2400 1192 4135">
    <p class='ocr_par' dir='ltr' id='par_1_3' title="bbox 131 2400 1192 4135">
     <span class='ocr_line' id='line_1_18' title="bbox 168 2400 1188 2476; baseline 0.005 -21"><span class='ocrx_word' id='word_1_118' title='bbox 168 2403 193 2455; x_wconf 86' lang='lat'><strong>5.</strong></span> <span class='ocrx_word' id='word_1_119' title='bbox 216 2401 337 2454; x_wconf 77' lang='lat' dir='ltr'><strong>Rationes</strong></span> <span class='ocrx_word' id='word_1_120' title='bbox 354 2400 473 2470; x_wconf 82' lang='lat' dir='ltr'><strong>imperii,</strong></span> <span class='ocrx_word' id='word_1_121' title='bbox 489 2414 538 2452; x_wconf 90' lang='lat' dir='ltr'><strong>etc.</strong></span> <span class='ocrx_word' id='word_1_122' title='bbox 556 2402 635 2454; x_wconf 78' lang='lat' dir='ltr'><strong>conf.</strong></span> <span class='ocrx_word' id='word_1_123' title='bbox 721 2421 761 2454; x_wconf 88' lang='lat' dir='ltr'><strong>ro.</strong></span> <span class='ocrx_word' id='word_1_124' title='bbox 773 2404 907 2476; x_wconf 62' lang='lat' dir='ltr'><strong>[epotam.</strong></span> <span class='ocrx_word' id='word_1_125' title='bbox 917 2404 1050 2476; x_wconf 78' lang='lat' dir='ltr'><strong>persolvit.</strong></span> <span class='ocrx_word' id='word_1_126' title='bbox 1058 2407 1098 2460; x_wconf 85' lang='lat' dir='ltr'><strong>cf.</strong></span> <span class='ocrx_word' id='word_1_127' title='bbox 1108 2409 1188 2460; x_wconf 85' lang='lat' dir='ltr'><strong>Dion.</strong></span> 
     </span>
     <span class='ocr_line' id='line_1_19' title="bbox 132 2479 1188 2549; baseline 0.006 -18"><span class='ocrx_word' id='word_1_128' title='bbox 132 2480 324 2549; x_wconf 75' lang='lat' dir='ltr'><strong>m0,th,9.</strong></span> <span class='ocrx_word' id='word_1_129' title='bbox 681 2479 1188 2546; x_wconf 83' lang='lat' dir='ltr'><strong>LIX,2,memoratnmadTiber.fin.</strong></span> 
     </span>
     <span class='ocr_line' id='line_1_20' title="bbox 165 2556 1190 2633; baseline 0.01 -24"><span class='ocrx_word' id='word_1_130' title='bbox 165 2559 193 2613; x_wconf 84' lang='lat'><strong>6.</strong></span> <span class='ocrx_word' id='word_1_131' title='bbox 212 2556 427 2633; x_wconf 72' lang='lat' dir='ltr'><strong>Mapistratibnr.</strong></span> <span class='ocrx_word' id='word_1_132' title='bbox 440 2596 446 2608; x_wconf 93' lang='lat'>.</span> <span class='ocrx_word' id='word_1_133' title='bbox 459 2595 465 2607; x_wconf 92' lang='lat'>.</span> <span class='ocrx_word' id='word_1_134' title='bbox 477 2594 484 2606; x_wconf 90' lang='lat'>.</span> <span class='ocrx_word' id='word_1_135' title='bbox 497 2557 636 2618; x_wconf 68' lang='lat' dir='ltr'><strong>concessitr</strong></span> <span class='ocrx_word' id='word_1_136' title='bbox 681 2558 722 2610; x_wconf 86' lang='lat' dir='ltr'><strong>De</strong></span> <span class='ocrx_word' id='word_1_137' title='bbox 731 2578 861 2633; x_wconf 79' lang='lat' dir='ltr'><strong>suppresso</strong></span> <span class='ocrx_word' id='word_1_138' title='bbox 871 2564 948 2614; x_wconf 70' lang='lat' dir='ltr'><strong>Livio</strong></span> <span class='ocrx_word' id='word_1_139' title='bbox 959 2577 1117 2617; x_wconf 86' lang='lat' dir='ltr'><strong>testamento</strong></span> <span class='ocrx_word' id='word_1_140' title='bbox 1127 2565 1190 2619; x_wconf 83' lang='lat' dir='ltr'><strong>vide</strong></span> 
     </span>
     <span class='ocr_line' id='line_1_21' title="bbox 131 2632 967 2705; baseline 0.002 -13"><span class='ocrx_word' id='word_1_141' title='bbox 131 2638 204 2692; x_wconf 86' lang='lat' dir='ltr'><strong>unde</strong></span> <span class='ocrx_word' id='word_1_142' title='bbox 220 2632 452 2705; x_wconf 61' lang='grc' dir='ltr'><strong>ὑμοιρωιιότωοσ</strong></span> <span class='ocrx_word' id='word_1_143' title='bbox 465 2635 542 2687; x_wconf 88' lang='lat' dir='ltr'><strong>initio</strong></span> <span class='ocrx_word' id='word_1_144' title='bbox 556 2635 638 2688; x_wconf 79' lang='lat' dir='ltr'><strong>fuisse</strong></span> <span class='ocrx_word' id='word_1_145' title='bbox 682 2639 762 2690; x_wconf 80' lang='lat' dir='ltr'><strong>etiam</strong></span> <span class='ocrx_word' id='word_1_146' title='bbox 774 2639 809 2691; x_wconf 91' lang='lat' dir='ltr'><strong>ad</strong></span> <span class='ocrx_word' id='word_1_147' title='bbox 820 2640 909 2693; x_wconf 87' lang='lat' dir='ltr'><strong>Tiber.</strong></span> <span class='ocrx_word' id='word_1_148' title='bbox 924 2641 967 2694; x_wconf 84' lang='lat'><strong>51.</strong></span> 
     </span>
     <span class='ocr_line' id='line_1_22' title="bbox 131 2712 1189 2787; baseline 0.005 -16"><span class='ocrx_word' id='word_1_149' title='bbox 131 2717 230 2771; x_wconf 87' lang='lat' dir='ltr'><strong>dieitur</strong></span> <span class='ocrx_word' id='word_1_150' title='bbox 244 2716 324 2768; x_wconf 88' lang='lat' dir='ltr'><strong>Dion.</strong></span> <span class='ocrx_word' id='word_1_151' title='bbox 336 2713 411 2779; x_wconf 80' lang='lat' dir='ltr'><strong>ux,</strong></span> <span class='ocrx_word' id='word_1_152' title='bbox 423 2712 448 2765; x_wconf 86' lang='lat'><strong>3.</strong></span> <span class='ocrx_word' id='word_1_153' title='bbox 464 2713 504 2764; x_wconf 88' lang='lat' dir='ltr'><strong>De</strong></span> <span class='ocrx_word' id='word_1_154' title='bbox 517 2713 638 2787; x_wconf 77' lang='lat' dir='ltr'><strong>appella·</strong></span> <span class='ocrx_word' id='word_1_155' title='bbox 722 2734 762 2769; x_wconf 87' lang='lat' dir='ltr'><strong>rr.</strong></span> <span class='ocrx_word' id='word_1_156' title='bbox 781 2719 990 2772; x_wconf 81' lang='lat' dir='ltr'><strong>Ducentesimam</strong></span> <span class='ocrx_word' id='word_1_157' title='bbox 1002 2761 1009 2773; x_wconf 92' lang='lat'><em>.</em></span> <span class='ocrx_word' id='word_1_158' title='bbox 1021 2762 1027 2772; x_wconf 90' lang='lat'>.</span> <span class='ocrx_word' id='word_1_159' title='bbox 1040 2760 1046 2772; x_wconf 95' lang='lat'>.</span> <span class='ocrx_word' id='word_1_160' title='bbox 1059 2762 1066 2773; x_wconf 90' lang='lat'><strong><em>.</em></strong></span> <span class='ocrx_word' id='word_1_161' title='bbox 1082 2724 1189 2777; x_wconf 77' lang='lat' dir='ltr'><strong>remisit.</strong></span> 
     </span>
     <span class='ocr_line' id='line_1_23' title="bbox 133 2790 1190 2865; baseline 0.006 -17"><span class='ocrx_word' id='word_1_162' title='bbox 133 2798 204 2851; x_wconf 82' lang='lat' dir='ltr'><strong>tione</strong></span> <span class='ocrx_word' id='word_1_163' title='bbox 219 2794 256 2847; x_wconf 80' lang='lat' dir='ltr'><strong>ad</strong></span> <span class='ocrx_word' id='word_1_164' title='bbox 275 2793 427 2865; x_wconf 79' lang='lat' dir='ltr'><strong>Principem</strong></span> <span class='ocrx_word' id='word_1_165' title='bbox 447 2790 507 2843; x_wconf 85' lang='lat' dir='ltr'><strong>ride</strong></span> <span class='ocrx_word' id='word_1_166' title='bbox 524 2805 581 2845; x_wconf 91' lang='lat' dir='ltr'><strong>not.</strong></span> <span class='ocrx_word' id='word_1_167' title='bbox 604 2790 639 2845; x_wconf 83' lang='lat' dir='ltr'><strong>ad</strong></span> <span class='ocrx_word' id='word_1_168' title='bbox 683 2797 1005 2850; x_wconf 79' lang='lat' dir='ltr'><strong>Institueratcerrterimam</strong></span> <span class='ocrx_word' id='word_1_169' title='bbox 1017 2818 1100 2852; x_wconf 81' lang='lat' dir='ltr'><strong>rerum</strong></span> <span class='ocrx_word' id='word_1_170' title='bbox 1112 2820 1190 2853; x_wconf 80' lang='lat' dir='ltr'><strong>verro·</strong></span> 
     </span>
     <span class='ocr_line' id='line_1_24' title="bbox 131 2872 1190 2950; baseline 0.007 -24"><span class='ocrx_word' id='word_1_171' title='bbox 131 2880 245 2947; x_wconf 68' lang='lat' dir='ltr'><strong>August.</strong></span> <span class='ocrx_word' id='word_1_172' title='bbox 261 2872 304 2926; x_wconf 82' lang='grc'>33.</span> <span class='ocrx_word' id='word_1_173' title='bbox 683 2873 750 2926; x_wconf 77' lang='lat' dir='ltr'><strong>lium</strong></span> <span class='ocrx_word' id='word_1_174' title='bbox 769 2889 831 2947; x_wconf 85' lang='lat' dir='ltr'><strong>post</strong></span> <span class='ocrx_word' id='word_1_175' title='bbox 849 2874 920 2928; x_wconf 82' lang='lat' dir='ltr'><strong>belia</strong></span> <span class='ocrx_word' id='word_1_176' title='bbox 935 2877 1020 2929; x_wconf 85' lang='lat' dir='ltr'><strong>civilia</strong></span> <span class='ocrx_word' id='word_1_177' title='bbox 1035 2879 1190 2950; x_wconf 78' lang='lat' dir='ltr'><strong>Augustus,</strong></span> 
     </span>
     <span class='ocr_line' id='line_1_25' title="bbox 169 2952 1188 3028; baseline 0.005 -22"><span class='ocrx_word' id='word_1_178' title='bbox 169 2975 195 3027; x_wconf 86' lang='lat'><strong>7.</strong></span> <span class='ocrx_word' id='word_1_179' title='bbox 214 2953 378 3027; x_wconf 81' lang='lat' dir='ltr'><strong>Equites....</strong></span> <span class='ocrx_word' id='word_1_180' title='bbox 391 2952 546 3026; x_wconf 73' lang='lat' dir='ltr'><strong>reeopnovit.</strong></span> <span class='ocrx_word' id='word_1_181' title='bbox 559 2952 637 3004; x_wconf 79' lang='lat' dir='ltr'><strong>Conf.</strong></span> <span class='ocrx_word' id='word_1_182' title='bbox 683 2953 1188 3028; x_wconf 78' lang='lat' dir='ltr'><strong>ntmilitarisaerarrisubsidium(Tacit.</strong></span> 
     </span>
     <span class='ocr_line' id='line_1_26' title="bbox 132 3033 1190 3108; baseline 0.004 -21"><span class='ocrx_word' id='word_1_183' title='bbox 132 3035 167 3089; x_wconf 83' lang='lat' dir='ltr'><strong>ad</strong></span> <span class='ocrx_word' id='word_1_184' title='bbox 181 3038 294 3106; x_wconf 77' lang='lat' dir='ltr'><strong>August.</strong></span> <span class='ocrx_word' id='word_1_185' title='bbox 310 3033 354 3086; x_wconf 87' lang='lat'><strong>38.</strong></span> <span class='ocrx_word' id='word_1_186' title='bbox 683 3033 781 3084; x_wconf 81' lang='lat' dir='ltr'><strong>Annal.</strong></span> <span class='ocrx_word' id='word_1_187' title='bbox 802 3036 829 3098; x_wconf 87' lang='lat'><strong>1,</strong></span> <span class='ocrx_word' id='word_1_188' title='bbox 849 3034 919 3105; x_wconf 87' lang='lat'><strong>78),</strong></span> <span class='ocrx_word' id='word_1_189' title='bbox 938 3054 1049 3108; x_wconf 84' lang='lat' dir='ltr'><strong>eamque</strong></span> <span class='ocrx_word' id='word_1_190' title='bbox 1066 3037 1190 3091; x_wconf 83' lang='lat' dir='ltr'><strong>Tiberius</strong></span> 
     </span>
     <span class='ocr_line' id='line_1_27' title="bbox 168 3109 1188 3189; baseline 0.008 -27"><span class='ocrx_word' id='word_1_191' title='bbox 168 3114 195 3167; x_wconf 86' lang='lat'><strong>8.</strong></span> <span class='ocrx_word' id='word_1_192' title='bbox 225 3111 352 3183; x_wconf 79' lang='lat' dir='ltr'><strong>Quintam</strong></span> <span class='ocrx_word' id='word_1_193' title='bbox 373 3109 504 3162; x_wconf 80' lang='lat' dir='ltr'><strong>decuriam</strong></span> <span class='ocrx_word' id='word_1_194' title='bbox 527 3109 637 3161; x_wconf 82' lang='lat' dir='ltr'><strong>addidit.</strong></span> <span class='ocrx_word' id='word_1_195' title='bbox 683 3126 813 3164; x_wconf 84' lang='lat' dir='ltr'><strong>servatam</strong></span> <span class='ocrx_word' id='word_1_196' title='bbox 832 3115 924 3184; x_wconf 86' lang='lat' dir='ltr'><strong>prius,</strong></span> <span class='ocrx_word' id='word_1_197' title='bbox 947 3117 1068 3186; x_wconf 86' lang='lat' dir='ltr'><strong>quamvis</strong></span> <span class='ocrx_word' id='word_1_198' title='bbox 1088 3116 1188 3189; x_wconf 84' lang='lat' dir='ltr'><strong>depre-</strong></span> 
     </span>
     <span class='ocr_line' id='line_1_28' title="bbox 133 3188 1190 3267; baseline 0.008 -25"><span class='ocrx_word' id='word_1_199' title='bbox 133 3191 200 3245; x_wconf 77' lang='lat' dir='ltr'><strong>Vide</strong></span> <span class='ocrx_word' id='word_1_200' title='bbox 211 3188 246 3243; x_wconf 90' lang='lat' dir='ltr'><strong>ad</strong></span> <span class='ocrx_word' id='word_1_201' title='bbox 258 3191 328 3260; x_wconf 73' lang='lat' dir='ltr'><strong>Aug.</strong></span> <span class='ocrx_word' id='word_1_202' title='bbox 343 3205 376 3258; x_wconf 81' lang='lat'><strong>²9</strong></span> <span class='ocrx_word' id='word_1_203' title='bbox 386 3201 413 3240; x_wconf 84' lang='lat' dir='ltr'><strong>et</strong></span> <span class='ocrx_word' id='word_1_204' title='bbox 424 3188 457 3240; x_wconf 84' lang='lat'><strong>32</strong></span> <span class='ocrx_word' id='word_1_205' title='bbox 470 3209 476 3239; x_wconf 75' lang='grc' dir='ltr'><strong>ε</strong></span> <span class='ocrx_word' id='word_1_206' title='bbox 490 3190 561 3240; x_wconf 82' lang='lat' dir='ltr'><strong>conf.</strong></span> <span class='ocrx_word' id='word_1_207' title='bbox 572 3188 639 3245; x_wconf 84' lang='lat' dir='ltr'><strong>Plio.</strong></span> <span class='ocrx_word' id='word_1_208' title='bbox 683 3205 761 3243; x_wconf 86' lang='lat' dir='ltr'><strong>cante</strong></span> <span class='ocrx_word' id='word_1_209' title='bbox 769 3191 870 3264; x_wconf 87' lang='lat' dir='ltr'><strong>populo</strong></span> <span class='ocrx_word' id='word_1_210' title='bbox 880 3192 983 3262; x_wconf 86' lang='lat' dir='ltr'><strong>(Tacit.</strong></span> <span class='ocrx_word' id='word_1_211' title='bbox 991 3193 1009 3245; x_wconf 88' lang='lat' dir='ltr'><strong>l.</strong></span> <span class='ocrx_word' id='word_1_212' title='bbox 1018 3194 1071 3265; x_wconf 90' lang='lat' dir='ltr'><strong>c.),</strong></span> <span class='ocrx_word' id='word_1_213' title='bbox 1082 3213 1190 3267; x_wconf 83' lang='lat' dir='ltr'><strong>postea,</strong></span> 
     </span>
     <span class='ocr_line' id='line_1_29' title="bbox 133 3266 1190 3343; baseline 0.004 -19"><span class='ocrx_word' id='word_1_214' title='bbox 133 3275 166 3326; x_wconf 77' lang='lat' dir='ltr'><strong>fl.</strong></span> <span class='ocrx_word' id='word_1_215' title='bbox 177 3273 211 3324; x_wconf 84' lang='lat' dir='ltr'><strong>N.</strong></span> <span class='ocrx_word' id='word_1_216' title='bbox 224 3270 351 3334; x_wconf 76' lang='lat' dir='ltr'><strong>xxxin,</strong></span> <span class='ocrx_word' id='word_1_217' title='bbox 367 3286 376 3320; x_wconf 90' lang='grc' dir='ltr'>ι</span> <span class='ocrx_word' id='word_1_218' title='bbox 391 3266 448 3338; x_wconf 89' lang='lat'><strong>(7)</strong></span> <span class='ocrx_word' id='word_1_219' title='bbox 684 3268 792 3321; x_wconf 87' lang='lat' dir='ltr'><strong>redacto</strong></span> <span class='ocrx_word' id='word_1_220' title='bbox 805 3269 977 3342; x_wconf 86' lang='lat' dir='ltr'><strong>Cappadocia</strong></span> <span class='ocrx_word' id='word_1_221' title='bbox 991 3288 1053 3343; x_wconf 84' lang='lat' dir='ltr'><strong>post</strong></span> <span class='ocrx_word' id='word_1_222' title='bbox 1066 3276 1190 3329; x_wconf 80' lang='lat' dir='ltr'><strong>Archelai</strong></span> 
     </span>
     <span class='ocr_line' id='line_1_30' title="bbox 169 3344 1190 3426; baseline 0.009 -30"><span class='ocrx_word' id='word_1_223' title='bbox 169 3367 196 3422; x_wconf 85' lang='lat'><strong>9.</strong></span> <span class='ocrx_word' id='word_1_224' title='bbox 215 3345 354 3421; x_wconf 69' lang='lat' dir='ltr'><strong>Suffraqia</strong></span> <span class='ocrx_word' id='word_1_225' title='bbox 364 3344 465 3418; x_wconf 74' lang='lat' dir='ltr'><strong>populo</strong></span> <span class='ocrx_word' id='word_1_226' title='bbox 475 3345 586 3399; x_wconf 80' lang='lat' dir='ltr'><strong>reddere.</strong></span> <span class='ocrx_word' id='word_1_227' title='bbox 597 3347 638 3399; x_wconf 84' lang='lat' dir='ltr'><strong>cf.</strong></span> <span class='ocrx_word' id='word_1_228' title='bbox 683 3350 750 3417; x_wconf 69' lang='lat' dir='ltr'><strong>regis</strong></span> <span class='ocrx_word' id='word_1_229' title='bbox 766 3360 876 3399; x_wconf 88' lang='lat' dir='ltr'><strong>mortem</strong></span> <span class='ocrx_word' id='word_1_230' title='bbox 891 3349 918 3400; x_wconf 89' lang='lat' dir='ltr'><strong>in</strong></span> <span class='ocrx_word' id='word_1_231' title='bbox 933 3352 1116 3419; x_wconf 82' lang='lat' dir='ltr'><strong>provinciam,</strong></span> <span class='ocrx_word' id='word_1_232' title='bbox 1135 3373 1190 3426; x_wconf 87' lang='lat' dir='ltr'><strong>qno</strong></span> 
     </span>
     <span class='ocr_line' id='line_1_31' title="bbox 133 3423 1190 3499; baseline 0.009 -22"><span class='ocrx_word' id='word_1_233' title='bbox 133 3425 284 3494; x_wconf 53' lang='lat' dir='ltr'><strong>numm,</strong></span> <span class='ocrx_word' id='word_1_234' title='bbox 296 3443 321 3495; x_wconf 85' lang='lat'><strong>9.</strong></span> <span class='ocrx_word' id='word_1_235' title='bbox 336 3424 443 3477; x_wconf 84' lang='lat' dir='ltr'><strong>Tiberio</strong></span> <span class='ocrx_word' id='word_1_236' title='bbox 456 3426 527 3476; x_wconf 85' lang='lat' dir='ltr'><strong>enim</strong></span> <span class='ocrx_word' id='word_1_237' title='bbox 539 3427 639 3479; x_wconf 73' lang='lat' dir='ltr'><strong>cesare</strong></span> <span class='ocrx_word' id='word_1_238' title='bbox 683 3423 816 3477; x_wconf 77' lang='lat' dir='ltr'><strong>levaretur</strong></span> <span class='ocrx_word' id='word_1_239' title='bbox 836 3426 967 3499; x_wconf 69' lang='lat' dir='ltr'><strong>vectigal,</strong></span> <span class='ocrx_word' id='word_1_240' title='bbox 988 3445 1139 3484; x_wconf 85' lang='lat' dir='ltr'><strong>mutaverat</strong></span> <span class='ocrx_word' id='word_1_241' title='bbox 1162 3435 1190 3486; x_wconf 93' lang='lat' dir='ltr'><strong>in</strong></span> 
     </span>
     <span class='ocr_line' id='line_1_32' title="bbox 132 3502 1189 3580; baseline 0.007 -22"><span class='ocrx_word' id='word_1_242' title='bbox 132 3507 263 3580; x_wconf 86' lang='lat' dir='ltr'><strong>primum,</strong></span> <span class='ocrx_word' id='word_1_243' title='bbox 273 3516 304 3554; x_wconf 88' lang='lat' dir='ltr'><strong>ut</strong></span> <span class='ocrx_word' id='word_1_244' title='bbox 312 3503 396 3554; x_wconf 86' lang='lat' dir='ltr'><strong>Tacit.</strong></span> <span class='ocrx_word' id='word_1_245' title='bbox 408 3502 537 3568; x_wconf 67' lang='lat' dir='ltr'><strong>Annail,</strong></span> <span class='ocrx_word' id='word_1_246' title='bbox 550 3503 594 3569; x_wconf 88' lang='lat'><strong>15,</strong></span> <span class='ocrx_word' id='word_1_247' title='bbox 604 3522 639 3556; x_wconf 74' lang='lat' dir='ltr'><strong>ue</strong></span> <span class='ocrx_word' id='word_1_248' title='bbox 683 3503 885 3557; x_wconf 84' lang='lat' dir='ltr'><strong>ducentesimam</strong></span> <span class='ocrx_word' id='word_1_249' title='bbox 898 3525 961 3558; x_wconf 85' lang='lat' dir='ltr'><strong>ann.</strong></span> <span class='ocrx_word' id='word_1_250' title='bbox 975 3525 1026 3578; x_wconf 87' lang='lat'><strong>77⁰</strong></span> <span class='ocrx_word' id='word_1_251' title='bbox 1039 3511 1143 3575; x_wconf 84' lang='lat' dir='ltr'><strong>(Tacit.</strong></span> <span class='ocrx_word' id='word_1_252' title='bbox 1157 3516 1189 3565; x_wconf 77' lang='lat' dir='ltr'><strong>A.</strong></span> 
     </span>
     <span class='ocr_line' id='line_1_33' title="bbox 133 3579 1191 3658; baseline 0.01 -23"><span class='ocrx_word' id='word_1_253' title='bbox 133 3585 237 3656; x_wconf 81' lang='lat' dir='ltr'><strong>Campo</strong></span> <span class='ocrx_word' id='word_1_254' title='bbox 247 3582 354 3633; x_wconf 86' lang='lat' dir='ltr'><strong>comitia</strong></span> <span class='ocrx_word' id='word_1_255' title='bbox 367 3579 403 3632; x_wconf 80' lang='lat' dir='ltr'><strong>ad</strong></span> <span class='ocrx_word' id='word_1_256' title='bbox 413 3582 503 3633; x_wconf 80' lang='lat' dir='ltr'><strong>Patres</strong></span> <span class='ocrx_word' id='word_1_257' title='bbox 512 3583 639 3634; x_wconf 80' lang='lat' dir='ltr'><strong>translata</strong></span> <span class='ocrx_word' id='word_1_258' title='bbox 683 3587 722 3651; x_wconf 85' lang='lat'><strong>11,</strong></span> <span class='ocrx_word' id='word_1_259' title='bbox 732 3584 792 3658; x_wconf 67' lang='lat'><strong>42)</strong></span> <span class='ocrx_word' id='word_1_260' title='bbox 805 3587 876 3638; x_wconf 89' lang='lat' dir='ltr'><strong>Idem</strong></span> <span class='ocrx_word' id='word_1_261' title='bbox 887 3602 977 3640; x_wconf 87' lang='lat' dir='ltr'><strong>tamen</strong></span> <span class='ocrx_word' id='word_1_262' title='bbox 990 3608 1069 3643; x_wconf 78' lang='lat' dir='ltr'><strong>senex</strong></span> <span class='ocrx_word' id='word_1_263' title='bbox 1082 3591 1118 3644; x_wconf 86' lang='lat' dir='ltr'><strong>ad</strong></span> <span class='ocrx_word' id='word_1_264' title='bbox 1129 3612 1191 3646; x_wconf 82' lang='lat' dir='ltr'><strong>ara·</strong></span> 
     </span>
     <span class='ocr_line' id='line_1_34' title="bbox 133 3659 1192 3737; baseline 0.008 -20"><span class='ocrx_word' id='word_1_265' title='bbox 133 3677 196 3717; x_wconf 86' lang='lat' dir='ltr'><strong>sunt</strong></span> <span class='ocrx_word' id='word_1_266' title='bbox 209 3682 216 3714; x_wconf 74' lang='lat' dir='ltr'><strong>r</strong></span> <span class='ocrx_word' id='word_1_267' title='bbox 231 3680 293 3713; x_wconf 85' lang='lat' dir='ltr'><strong>narn</strong></span> <span class='ocrx_word' id='word_1_268' title='bbox 305 3659 339 3712; x_wconf 88' lang='lat' dir='ltr'><strong>ad</strong></span> <span class='ocrx_word' id='word_1_269' title='bbox 351 3679 410 3711; x_wconf 84' lang='lat' dir='ltr'><strong>eam</strong></span> <span class='ocrx_word' id='word_1_270' title='bbox 422 3660 510 3727; x_wconf 86' lang='lat' dir='ltr'><strong>diem,</strong></span> <span class='ocrx_word' id='word_1_271' title='bbox 522 3663 572 3714; x_wconf 88' lang='lat' dir='ltr'><strong>etsi</strong></span> <span class='ocrx_word' id='word_1_272' title='bbox 586 3680 638 3733; x_wconf 91' lang='lat' dir='ltr'><strong>po·</strong></span> <span class='ocrx_word' id='word_1_273' title='bbox 683 3665 770 3716; x_wconf 87' lang='lat' dir='ltr'><strong>ritiam</strong></span> <span class='ocrx_word' id='word_1_274' title='bbox 786 3669 912 3737; x_wconf 91' lang='lat' dir='ltr'><strong>pronior,</strong></span> <span class='ocrx_word' id='word_1_275' title='bbox 929 3667 1064 3723; x_wconf 84' lang='lat' dir='ltr'><strong>reduxisse</strong></span> <span class='ocrx_word' id='word_1_276' title='bbox 1081 3675 1192 3726; x_wconf 80' lang='lat' dir='ltr'><strong>centesi-</strong></span> 
     </span>
     <span class='ocr_line' id='line_1_35' title="bbox 133 3738 1189 3817; baseline 0.009 -21"><span class='ocrx_word' id='word_1_277' title='bbox 133 3740 235 3796; x_wconf 85' lang='lat' dir='ltr'><strong>tissitna</strong></span> <span class='ocrx_word' id='word_1_278' title='bbox 245 3738 355 3791; x_wconf 84' lang='lat' dir='ltr'><strong>arbitrio</strong></span> <span class='ocrx_word' id='word_1_279' title='bbox 365 3740 508 3810; x_wconf 82' lang='lat' dir='ltr'><strong>Principis,</strong></span> <span class='ocrx_word' id='word_1_280' title='bbox 517 3739 638 3811; x_wconf 72' lang='lat' dir='ltr'><strong>quedam</strong></span> <span class='ocrx_word' id='word_1_281' title='bbox 683 3763 754 3795; x_wconf 87' lang='lat' dir='ltr'><strong>mam</strong></span> <span class='ocrx_word' id='word_1_282' title='bbox 764 3745 864 3798; x_wconf 87' lang='lat' dir='ltr'><strong>dicitur</strong></span> <span class='ocrx_word' id='word_1_283' title='bbox 873 3748 953 3801; x_wconf 88' lang='lat' dir='ltr'><strong>Dion.</strong></span> <span class='ocrx_word' id='word_1_284' title='bbox 961 3750 1056 3817; x_wconf 83' lang='lat' dir='ltr'><strong>Lvnt,</strong></span> <span class='ocrx_word' id='word_1_285' title='bbox 1070 3753 1116 3816; x_wconf 76' lang='lat'><strong>16,</strong></span> <span class='ocrx_word' id='word_1_286' title='bbox 1126 3772 1189 3805; x_wconf 88' lang='lat' dir='ltr'><strong>ann.</strong></span> 
     </span>
     <span class='ocr_line' id='line_1_36' title="bbox 133 3815 1190 3900; baseline 0.01 -26"><span class='ocrx_word' id='word_1_287' title='bbox 133 3835 223 3874; x_wconf 80' lang='lat' dir='ltr'><strong>temen</strong></span> <span class='ocrx_word' id='word_1_288' title='bbox 249 3815 343 3869; x_wconf 81' lang='lat' dir='ltr'><strong>studiis</strong></span> <span class='ocrx_word' id='word_1_289' title='bbox 365 3816 481 3869; x_wconf 84' lang='lat' dir='ltr'><strong>tribuum</strong></span> <span class='ocrx_word' id='word_1_290' title='bbox 502 3819 636 3872; x_wconf 78' lang='lat' dir='ltr'><strong>fiebant.»</strong></span> <span class='ocrx_word' id='word_1_291' title='bbox 685 3825 755 3893; x_wconf 67' lang='lat'><strong>784,</strong></span> <span class='ocrx_word' id='word_1_292' title='bbox 781 3839 843 3896; x_wconf 82' lang='lat' dir='ltr'><strong>post</strong></span> <span class='ocrx_word' id='word_1_293' title='bbox 866 3841 979 3879; x_wconf 88' lang='lat' dir='ltr'><strong>mortem</strong></span> <span class='ocrx_word' id='word_1_294' title='bbox 1004 3830 1101 3900; x_wconf 87' lang='lat' dir='ltr'><strong>Sejani.</strong></span> <span class='ocrx_word' id='word_1_295' title='bbox 1129 3833 1190 3885; x_wconf 79' lang='lat' dir='ltr'><strong>Jetn</strong></span> 
     </span>
     <span class='ocr_line' id='line_1_37' title="bbox 133 3899 1192 3974; baseline 0.01 -23"><span class='ocrx_word' id='word_1_296' title='bbox 133 3899 244 3951; x_wconf 89' lang='lat' dir='ltr'><strong>Biennio</strong></span> <span class='ocrx_word' id='word_1_297' title='bbox 261 3909 340 3967; x_wconf 82' lang='lat' dir='ltr'><strong>post,</strong></span> <span class='ocrx_word' id='word_1_298' title='bbox 358 3914 421 3948; x_wconf 75' lang='lat' dir='ltr'><strong>ann.</strong></span> <span class='ocrx_word' id='word_1_299' title='bbox 436 3914 486 3967; x_wconf 76' lang='lat'><strong>792</strong></span> <span class='ocrx_word' id='word_1_300' title='bbox 496 3936 504 3965; x_wconf 93' lang='lat'><strong>,</strong></span> <span class='ocrx_word' id='word_1_301' title='bbox 514 3900 559 3968; x_wconf 83' lang='lat' dir='ltr'><strong>jus</strong></span> <span class='ocrx_word' id='word_1_302' title='bbox 573 3899 638 3952; x_wconf 87' lang='lat' dir='ltr'><strong>illud</strong></span> <span class='ocrx_word' id='word_1_303' title='bbox 684 3920 767 3974; x_wconf 88' lang='lat' dir='ltr'><strong>quum</strong></span> <span class='ocrx_word' id='word_1_304' title='bbox 779 3902 830 3955; x_wconf 86' lang='lat' dir='ltr'><strong>hoc</strong></span> <span class='ocrx_word' id='word_1_305' title='bbox 843 3904 903 3956; x_wconf 88' lang='lat' dir='ltr'><strong>loco</strong></span> <span class='ocrx_word' id='word_1_306' title='bbox 916 3920 1009 3958; x_wconf 88' lang='lat' dir='ltr'><strong>nostro</strong></span> <span class='ocrx_word' id='word_1_307' title='bbox 1022 3926 1116 3960; x_wconf 81' lang='lat' dir='ltr'><strong>omnes</strong></span> <span class='ocrx_word' id='word_1_308' title='bbox 1128 3909 1192 3963; x_wconf 82' lang='lat' dir='ltr'><strong>iibri</strong></span> 
     </span>
     <span class='ocr_line' id='line_1_38' title="bbox 133 3972 1191 4054; baseline 0.013 -26"><span class='ocrx_word' id='word_1_309' title='bbox 133 3975 236 4050; x_wconf 82' lang='lat' dir='ltr'><strong>populo</strong></span> <span class='ocrx_word' id='word_1_310' title='bbox 249 3973 329 4026; x_wconf 76' lang='lat' dir='ltr'><strong>Caius</strong></span> <span class='ocrx_word' id='word_1_311' title='bbox 343 3972 433 4026; x_wconf 84' lang='lat' dir='ltr'><strong>denuo</strong></span> <span class='ocrx_word' id='word_1_312' title='bbox 448 3977 552 4048; x_wconf 82' lang='lat' dir='ltr'><strong>eripuit.</strong></span> <span class='ocrx_word' id='word_1_313' title='bbox 573 3977 639 4033; x_wconf 80' lang='lat' dir='ltr'><strong>Vide</strong></span> <span class='ocrx_word' id='word_1_314' title='bbox 684 3984 840 4054; x_wconf 85' lang='lat' dir='ltr'><strong>conspirent</strong></span> <span class='ocrx_word' id='word_1_315' title='bbox 858 3986 886 4034; x_wconf 89' lang='lat' dir='ltr'><strong>in</strong></span> <span class='ocrx_word' id='word_1_316' title='bbox 904 3982 1018 4038; x_wconf 84' lang='lat' dir='ltr'><strong>lectione</strong></span> <span class='ocrx_word' id='word_1_317' title='bbox 1038 3987 1191 4042; x_wconf 78' lang='lat' dir='ltr'><strong>Ducentesi-</strong></span> 
     </span>
     <span class='ocr_line' id='line_1_39' title="bbox 133 4052 1190 4135; baseline 0.018 -32"><span class='ocrx_word' id='word_1_318' title='bbox 133 4057 213 4111; x_wconf 85' lang='lat' dir='ltr'><strong>Dion.</strong></span> <span class='ocrx_word' id='word_1_319' title='bbox 228 4052 302 4119; x_wconf 76' lang='lat' dir='ltr'><strong>ux,</strong></span> <span class='ocrx_word' id='word_1_320' title='bbox 318 4069 360 4104; x_wconf 82' lang='lat' dir='ltr'><strong>ao.</strong></span> <span class='ocrx_word' id='word_1_321' title='bbox 684 4078 769 4126; x_wconf 85' lang='lat' dir='ltr'><strong>mam,</strong></span> <span class='ocrx_word' id='word_1_322' title='bbox 781 4075 860 4135; x_wconf 84' lang='lat' dir='ltr'><strong>atque</strong></span> <span class='ocrx_word' id='word_1_323' title='bbox 871 4064 1083 4119; x_wconf 79' lang='lat' dir='ltr'><strong>auotoraccedst</strong></span> <span class='ocrx_word' id='word_1_324' title='bbox 1092 4087 1190 4123; x_wconf 75' lang='lat' dir='ltr'><strong>numus</strong></span> 
     </span>
    </p>
   </div>
   <div class='ocr_carea' id='block_1_4' title="bbox 0 0 1331 4800">
    <p class='ocr_par' dir='ltr' id='par_1_4' title="bbox 0 0 1331 4800">
     <span class='ocr_line' id='line_1_40' title="bbox 0 0 1331 4800; baseline 0 0"><span class='ocrx_word' id='word_1_325' title='bbox 0 0 1331 4800; x_wconf 95' lang='lat' dir='ltr'><strong> </strong></span> 
     </span>
    </p>
   </div>
  </div>
 </body>
</html>
