2648 4800
206 375 227 441 6
582 377 617 439 C.
643 375 878 442 SUETONII

205 505 351 598 quentiae
368 501 598 595 doctrinaeque
614 526 736 595 genere
752 500 969 594 praecellens,
986 500 1257 571 benevolentiam

205 612 429 705 singularem,
452 611 738 706 conciliandaeque
758 610 938 678 hominum
958 614 1093 702 gratiae,
1116 637 1158 680 ac
1176 637 1257 705 pro-

203 724 357 792 merendi
373 726 498 792 amoris
510 726 635 791 mirum
647 739 681 790 et
692 722 810 791 efficax
823 723 983 790 studium.
1000 729 1130 793 Formae
1143 727 1258 792 minus

113 898 116 903 .
203 835 411 927 congruebat
431 834 597 927 gracilitas
619 859 773 916 crurum,
797 832 856 902 sed
877 857 917 900 ea
936 857 1072 928 quoque
1091 833 1258 927 paulatim

202 948 349 1042 repleta,
363 946 499 1016 assidua
513 952 591 1042 equi
608 951 796 1016 vectatione
812 963 890 1040 post
906 945 1029 1014 cibum.
1044 952 1184 1014 Hostem
1201 971 1258 1015 co·

203 1062 315 1128 minus
332 1082 422 1152 saepe
438 1062 615 1152 percussit.
631 1063 747 1127 Oravit
761 1055 898 1126 causas³
911 1061 1012 1125 etiam
1023 1057 1257 1151 triumphalis3

141 1197 149 1207 ·
202 1186 306 1265 atque
323 1173 410 1238 inter
428 1187 538 1238 cetera
557 1171 747 1239 studiorum
762 1188 982 1238 monumenta
1000 1169 1136 1263 reliquit
1153 1186 1188 1238 et
1203 1193 1260 1237 co·

203 1283 343 1351 moedias
357 1273 502 1351 Graecas.
518 1285 616 1350 Domi
628 1283 777 1377 forisque
790 1281 912 1349 civilis:
925 1281 1032 1349 libera
1043 1305 1083 1349 ac
1096 1279 1258 1348 foederata

203 1391 328 1486 oppida
347 1395 419 1460 sine
437 1392 633 1461 lictoribust
648 1391 771 1460 adibat.
793 1391 902 1461 Sicubi
922 1392 1091 1460 clarorum
1105 1394 1260 1460 virorum

202 1503 359 1596 sepulcra
374 1520 607 1596 cognosceret,
622 1503 757 1571 inferias
776 1502 933 1570 Manibus
952 1502 1065 1571 dabat.
1083 1505 1259 1570 Caesorum

202 1612 297 1682 clade
309 1616 454 1681 Variana
472 1631 655 1683 veteresne
673 1614 844 1709 dispersas
864 1613 1022 1709 reliquias
1038 1637 1107 1680 uno
1124 1612 1259 1682 tumulo

200 1723 421 1808 humaturus,
441 1724 598 1816 colligere
618 1749 680 1792 sua
699 1750 820 1808 manu,
840 1742 874 1792 et
893 1741 1105 1818 comportare
1125 1726 1259 1817 primus

202 1858 381 1927 aggressus
401 1835 480 1901 est⁵.
503 1835 793 1902 obtrectatoribus
812 1838 930 1917 etiam,
950 1832 1204 1929 qualescunque
1224 1850 1261 1903 et

202 1962 466 2041 quantacunque
480 1945 523 2014 de
539 1970 641 2013 causa
658 1962 776 2013 nactus
794 1963 896 2030 esset,
911 1945 996 2013 lenis
1011 1944 1096 2013 adeo
1113 1961 1146 2012 et
1161 1947 1260 2013 inno-

203 2060 297 2142 xius,
316 2075 355 2125 ut
374 2060 500 2152 Pisoni,
516 2057 652 2126 decreta
665 2082 730 2149 sua,
741 2056 961 2141 rescindenti,
981 2054 1151 2126 clientelas
1167 2053 1261 2124 dive·

203 2167 330 2252 xanti⁶,
343 2196 413 2241 non
425 2175 520 2264 prius
533 2195 732 2241 succensere
743 2173 779 2237 in
793 2172 944 2237 animum
956 2167 1139 2252 induxerit,
1153 2192 1259 2262 quam

203 2423 230 2462 et
240 2410 345 2462 Latino.
357 2409 424 2462 Vide
437 2410 471 2462 ad
484 2413 571 2465 Tiber.
586 2431 645 2484 cap.
661 2430 705 2480 7⁰·
751 2428 809 2461 rum
818 2410 901 2462 humo
912 2421 1025 2480 tegeret,
1036 2426 1143 2474 omnes,
1152 2420 1182 2459 ut
1193 2426 1260 2460 con·

239 2499 264 2551 3.
288 2500 378 2551 Orruit
394 2519 496 2567 causas,
515 2515 565 2553 etc.
581 2500 622 2552 cf.
640 2502 705 2565 Dio,
747 2488 1260 2557 lum-'¹⁰⁸2⁰¹⁰⁰¹¹⁸³⁰ll⁸¹l¹¹⁰⁰³s⁸¹¹⁰l²l¹¹

203 2580 276 2644 LVI,
292 2580 332 2631 26.
346 2578 423 2632 Ovitl.
439 2581 510 2631 Fast.
521 2582 545 2646 1,
561 2597 607 2632 21:
751 2565 856 2619 bostem
867 2569 922 2633 ira,
936 2569 1024 2619 moesti
1035 2565 1112 2619 simul
1125 2579 1151 2617 et
1162 2564 1259 2619 infensi

203 2664 688 2721 ornanummrouanarmnamuua
753 2645 913 2698 condebant.
922 2649 1038 2698 Primum
1048 2644 1210 2698 exstruendo
1221 2660 1259 2698 tu-

230 2727 299 2769 civica
309 2739 346 2782 pro
356 2726 442 2782 1111111111
451 2741 514 2783 quum
524 2727 572 2769 111111
581 2742 638 2769 111111
648 2729 693 2770 reis
753 2727 825 2780 mulo
840 2730 968 2800 cespitem
981 2728 1068 2780 Caesar
1078 2729 1183 2798 posuit,
1197 2745 1259 2796 gra·

202 2801 278 2851 Patet
290 2811 394 2864 autem,
406 2797 594 2870 triumphalem
607 2798 660 2852 dici
672 2800 707 2852 ob
752 2809 853 2859 tissimo
871 2825 981 2859 munere
1001 2807 1028 2858 iu
1047 2806 1209 2870 defunctos,
1231 2821 1258 2858 et

204 2892 360 2932 ornamenta
379 2877 549 2948 triumphalia
568 2880 641 2949 prins
662 2898 708 2930 sc·
753 2886 925 2957 pratentibus
945 2884 1044 2938 doloris
1064 2887 1160 2937 socius.
1174 2885 1259 2951 Quod

204 2972 297 3029 cepta,
308 2976 389 3029 quum
397 2959 486 3008 statim
493 2956 708 3028 postlegitimum
752 2967 859 3019 Tiberio
871 2965 944 3018 haud
958 2966 1116 3038 probatum,
1131 2984 1178 3018 geu
1190 2984 1259 3018 cun.

203 3035 556 3107 11111111ΡῙ111111111011111111111
570 3037 708 3107 Pf⁰fe⁰l1¹⁵
752 3060 794 3098 cta
805 3046 988 3098 Germaniciin
1000 3043 1116 3096 deterius
1127 3042 1260 3110 trahenti,

203 3116 292 3167 suerii·
752 3125 805 3177 sive
826 3128 969 3178 exercitum
990 3126 1104 3194 imagine
1127 3141 1259 3176 rasorum

239 3204 265 3269 4.
285 3204 348 3256 Sine
366 3201 502 3254 lictoribus.
522 3201 633 3255 Athenis
652 3222 706 3255 uno
751 3204 998 3275 insepultorumque
1006 3202 1140 3255 tardatum
1151 3201 1185 3254 ad
1195 3223 1260 3274 prae·

201 3285 296 3336 lictore
313 3300 376 3334 usus
390 3296 438 3333 est.
453 3284 539 3337 Tacit.
557 3282 652 3334 Annal.
667 3285 706 3349 ll,
751 3281 787 3334 lia
795 3297 821 3335 et
828 3282 1070 3335 formidolosiorem
1078 3282 1195 3334 hostium
1204 3302 1259 3336 cre·

204 3363 255 3429 53,
272 3363 361 3414 «Hinc
376 3375 483 3413 ventum
502 3362 636 3426 Athenas,
655 3363 707 3413 foe-
751 3361 862 3415 debat..

202 3441 312 3515 deriqnc
326 3441 404 3492 sociae
416 3454 441 3491 et
457 3453 566 3493 vetustte
576 3441 649 3494 urbis
662 3440 707 3492 da·
787 3449 814 3501 6,
824 3449 973 3501 Divexanti.
984 3451 1142 3520 Recepimus
1152 3469 1201 3521 pro
1211 3452 1258 3504 diu

203 3537 273 3585 tum,
283 3533 313 3571 111
323 3538 378 3571 11110
388 3518 483 3571 11010111
496 3519 708 3588 1111111111μ-11Ῑ11
753 3532 858 3581 vexanti
862 3528 1086 3594 emendationem,
1093 3547 1150 3599 quae
1156 3531 1258 3600 Lipsio,

203 3599 345 3669 videlslps·
751 3609 907 3674 Torrentio,
927 3608 1071 3673 Salmasio,
1093 3610 1120 3659 in
1141 3624 1259 3662 mentem

239 3684 264 3738 5.
287 3686 465 3736 (lusorum...
486 3683 661 3756 reliquias.
682 3695 708 3736 et
751 3689 837 3755 venit,
850 3688 991 3760 probatam
1003 3689 1082 3741 etiam
1094 3686 1203 3739 Wolfio.
1215 3691 1259 3741 ln·

202 3776 365 3837 comportare
382 3762 487 3834 primus
506 3780 635 3835 aggressus
654 3774 707 3824 est,·
751 3766 793 3818 fra
806 3768 869 3818 Ner.
884 3766 933 3833 34,
949 3785 1058 3838 tueque
1070 3768 1096 3817 in
1109 3767 1258 3820 diuexanda

204 3861 266 3895 ann.
281 3842 341 3912 768.
352 3843 436 3893 Tacit.
449 3842 474 3907 l,
486 3839 535 3892 lin:
552 3844 708 3894 «Romanus
752 3846 897 3916 quicquam
912 3848 988 3916 pcnsi
1004 3844 1127 3896 babuit.»
1144 3846 1258 3901 Decreta

203 3925 347 3986 exercitus,
365 3933 468 3971 sextum
485 3934 548 3991 post
564 3918 647 3972 cladis
661 3939 708 3972 an·
752 3926 862 3976 rescissa
874 3943 890 3976 a
902 3926 997 3976 Pisone
1008 3935 1098 3975 namot
1108 3924 1172 3975 Tac.
1185 3925 1256 3977 Anu.

202 4020 281 4067 num,
299 4002 378 4053 trium
390 3999 527 4070 legionum
543 4017 618 4068 ossa,
633 3999 707 4052 nullo
751 4002 791 4069 ll,
804 4002 853 4070 69:
872 4024 884 4047 ι
893 4004 927 4053 At
940 4004 1129 4066 Germanicus,
1141 4002 1257 4074 AEgypto

202 4093 346 4147 noscente,
358 4078 458 4132 alienas
467 4079 592 4153 reliquias
602 4099 636 4133 an
646 4099 709 4133 suo·
752 4099 886 4149 remeans,
898 4095 1010 4150 cuncta,
1023 4101 1080 4155 quae
1090 4080 1162 4155 apud
1172 4082 1259 4154 legio-

71 4216 253 4517 L
