2648 4800
215 359 257 438 la
588 355 625 417 C.
651 351 885 420 SUETONll
936 373 941 387 ·
995 376 998 380 ·

212 487 277 568 ria,
291 509 399 579 quum
408 499 457 550 tot
466 483 721 551 criminantibus
733 480 941 550 credendum
955 496 1054 548 esset.
1067 485 1270 576 Equesttem

211 593 384 676 ordinem,
398 610 436 661 ut
452 616 562 663 scenae
578 616 757 688 menaeque
771 592 972 675 devotum⁵,
986 591 1124 660 assidue
1141 599 1270 686 prosci-

210 705 269 773 dit.
293 706 449 785 lnfensus
464 705 595 788 turbae,
615 706 741 774 faventi
763 703 927 772 adversus
950 703 1102 771 studium
1125 704 1266 788 suum⁶,

210 816 430 884 exclamavit:
450 819 614 884 «Utinam
628 816 776 909 populus
788 821 961 882 Romanus
978 840 1082 883 unam
1099 820 1266 886 cervicem

208 925 393 1014 haberetl·
416 933 599 1021 Quumque
617 932 647 994 T
649 929 787 994 strinius
810 925 917 992 latro⁷
938 925 1187 1017 postularetur,
1208 946 1266 996 «et

208 1043 268 1133 qui
290 1039 519 1132 postularent,
541 1031 848 1120 Tetrinios'essefl
874 1040 932 1104 ait.
962 1040 1098 1105 Retiarii
1124 1042 1264 1107 tunicati

207 1154 358 1246 quinque
381 1176 524 1220 numero
552 1154 717 1245 gregatim
743 1151 961 1232 dimicanteS,
985 1152 1263 1220 siue'certamine

205 1260 277 1327 ullo
303 1261 442 1329 totidem
470 1262 681 1331 secutoribus
710 1257 1002 1329 succubuerant⁸t
1027 1285 1136 1354 quum
1155 1260 1263 1329 occidi

145 1437 149 1445 ,
201 1368 415 1463 juberentur,
440 1398 547 1455 unus,
572 1389 723 1440 resumta
745 1372 894 1453 firscina,
916 1356 1034 1439 omnes
1051 1373 1197 1440 victores
1212 1375 1262 1440 in·

206 1486 348 1550 teremit.
375 1489 470 1552 Hanc
489 1500 527 1552 ut
545 1484 814 1552 crudelissimam
833 1481 961 1550 caedem
982 1498 1016 1549 et
1035 1479 1178 1549 deflevit
1195 1483 1262 1551 edi·

205 1613 275 1679 cto,
294 1614 327 1664 et
343 1622 419 1679 eos,
438 1602 496 1692 qui
513 1613 666 1690 spectare
683 1598 940 1677 sustinuissent,
954 1610 1148 1663 exsecratus
1160 1613 1223 1663 est

248 1710 369 1774 xxxt.
395 1711 500 1794 Queri
521 1712 622 1775 etiam
648 1707 762 1801 palam
785 1706 828 1774 de
854 1703 1046 1774 conditione
1068 1719 1261 1798 temporum

204 1840 343 1886 suorum
360 1818 508 1903 solebat,
524 1819 617 1913 quod
634 1818 738 1887 nullis
754 1815 1002 1885 calamitatibus
1020 1816 1168 1908 puhlicis
1181 1817 1261 1885 insi·
1291 1884 1294 1895 ,

203 1929 395 2020 guirentur:
414 1932 556 2020 Augusti
575 1932 805 2021 principatum
822 1926 918 1994 clade
936 1930 1100 2009 Variana3
1116 1927 1260 2011 Tiberii,

202 2041 302 2107 ruina
322 2041 613 2132 spectaculorum·
635 2041 728 2135 apud
750 2039 914 2122 Fidenas,
936 2039 1192 2107 memorabilem
1213 2040 1284 2108 fa·-

202 2164 293 2217 ctum
304 2176 312 2216 :
322 2166 391 2219 ¹suo
406 2150 610 2221 oblivionem
629 2154 806 2220 imminere
820 2152 1044 2243 prosperitate
1056 2172 1184 2217 rerum.
1204 2157 1260 2218 At-

200 2283 268 2353 que
282 2260 467 2330 identidem
481 2266 691 2332 exercituum
706 2263 834 2345 caedes,
849 2245 993 2343 murem,
1012 2260 1259 2354 pestilentiam,

200 2367 371 2450 incendia,
386 2370 516 2439 hiatum
531 2372 681 2466 aliquem
691 2389 790 2439 terrae
803 2370 950 2463 optabat.

246 2485 383 2549 XXXll.
396 2486 560 2551 Animum
572 2507 709 2579 quoque
722 2487 925 2565 remittenti,
943 2480 1091 2577 ludoque
1103 2497 1138 2550 et
1148 2483 1259 2575 epulis

161 2624 165 2633 ¹
199 2588 633 2673 dedito,eademdictorum
642 2594 877 2688 factorumque
888 2595 1015 2661 saevitia
1025 2593 1153 2661 aderat.
1162 2596 1259 2687 Saepe

200 2813 259 2866 llos
275 2816 441 2887 lluonaparte
456 2815 541 2883 (absit
555 2819 667 2886 invidia,
683 2821 704 2871 si
751 2816 832 2885 Quod
847 2818 882 2870 ad
896 2817 996 2871 dietum
1010 2815 1133 2886 Califflrlae
1147 2821 1260 2881 attinet,

199 2910 261 2943 cum
274 2892 330 2943 Caii
343 2895 450 2945 nomine
462 2914 559 2946 nomen
572 2899 628 2966 ejus
642 2917 704 2948 con·
749 2896 810 2948 vide
819 2916 875 2968 quae
885 2910 946 2967 post
957 2909 1089 2947 narratam
1097 2896 1154 2966 ejus
1162 2914 1259 2949 necem

195 2970 375 3042 jungamus),
393 2972 427 3023 de
443 2991 541 3042 magno
555 2977 649 3027 Tacito
667 2976 705 3028 lo·
750 2977 933 3048 subjicitllio,
946 2979 1018 3043 tux,
1031 2976 1075 3029 30.

200 3069 283 3125 quens
298 3071 304 3100 e
323 3048 372 3101 «ΙΙ
384 3073 400 3102 α
414 3051 547 3104 calomnia
557 3055 664 3108 Tibere!
673 3079 684 3102 ι
786 3075 810 3127 7.
831 3058 909 3110 Latro
918 3080 926 3118 ,·
944 3060 1000 3109 sine
1015 3056 1097 3108 (lubio
1112 3055 1259 3109 damnatus

236 3130 262 3183 5.
286 3130 320 3181 Ut
330 3147 410 3181 scenoe
424 3149 559 3204 amiteque
572 3131 711 3188 devotum,
746 3134 1260 3205 jamadarenaru.-Postu!oretur‚·sd

198 3208 310 3260 Ernestii
325 3211 524 3280 interpretatio,
539 3215 637 3265 «nimis
651 3226 704 3266 stu·
750 3216 834 3285 ipsam
849 3234 964 3266 arenam.
985 3243 1019 3254 -
1040 3214 1169 3266 Tetrinios
1188 3235 1239 3268 esse
1252 3240 1260 3276 .·

197 3286 302 3339 diorum
313 3291 527 3359 spectaculorum
537 3295 704 3345 scenicorum
749 3294 862 3364 dignos,
876 3296 922 3366 qui
939 3308 964 3345 et
980 3296 1029 3365 ipsi
1042 3293 1077 3344 ad
1091 3295 1194 3345 immin
1206 3296 1259 3347 dn·

197 3380 224 3418 et
237 3365 492 3437 gladiatoriarum,-
513 3373 590 3422 nimis
603 3385 642 3423 est
656 3392 704 3423 an·
748 3388 850 3424 rentur.

197 3450 416 3516 gustal'urorern
426 3451 615 3521 proscindebat
623 3455 703 3523 Equi·
786 3452 811 3502 8.
831 3452 982 3504 Redemi...
1000 3452 1156 3504 secutoribus
1167 3470 1259 3504 succu-

192 3526 270 3594 bum,
295 3547 390 3598 operas
414 3533 440 3582 iu
464 3551 544 3583 scena
568 3551 703 3607 arenaque
745 3531 863 3583 buerant·
877 3534 975 3583 Totum
989 3548 1084 3602 pugnae
1096 3530 1258 3601 genusllltt·

197 3606 348 3679 praebendi,
365 3607 398 3660 de
412 3630 465 3681 quo
478 3609 579 3663 dictum
595 3612 628 3665 ad
644 3616 701 3664 An·
748 3622 858 3661 stratum
872 3610 931 3663 vide
944 3630 959 3661 a
974 3612 1078 3680 Lipsio,
1092 3611 1200 3663 Satura.
1216 3612 1257 3675 ll,

196 3700 266 3755 pust.
280 3706 339 3756 cap.
354 3687 397 3752 43.
747 3709 763 3762 7
776 3705 802 3743 et
815 3693 844 3757 8,
858 3705 886 3743 et
900 3691 934 3743 ab
951 3693 1060 3763 interpr.
1079 3690 1202 3743 Juvenal.
1217 3694 1256 3755 ll,

232 3766 258 3815 6.
279 3766 388 3816 Furenti
401 3766 519 3821 adversus
531 3769 645 3821 studium
660 3790 702 3823 su·
751 3775 813 3841 143,
825 3787 851 3825 et
860 3775 931 3836 Vlll,
945 3789 995 3824 nco
1007 3790 1062 3840 seq,
1074 3789 1127 3841 quo
1138 3770 1201 3823 loro
1213 3789 1257 3822 ac-

198 3864 251 3895 itm.
266 3845 343 3895 Conf.
358 3846 423 3910 Dio,
435 3848 508 3910 ΗΧ,
526 3850 564 3901 13.
577 3849 640 3902 Erat
653 3870 701 3902 au·
747 3866 837 3905 curate
850 3852 915 3904 illud
929 3851 1098 3904 describitur.

199 3937 251 3975 tent
271 3923 393 3976 addictus
413 3926 572 3998 deditusque,
589 3931 702 3981 Prasios·
782 3931 876 3981 xxm.
902 3949 922 3982 t.
935 3932 1020 3983 Ruina
1033 3927 1254 4000 spectaculorum.-

153 4009 157 4021 “
198 4002 647 4078 factioni,utnarratNoster,cup.
657 4010 699 4061 55.
749 4002 952 4081 Amphitheatri.
966 4007 1032 4060 Vide
1047 4006 1137 4061 'liber
1154 4009 1197 4075 lo.
