2648 4800
169 313 209 378 rt
537 312 573 374 C.
600 311 834 376 SUETONH

162 441 345 523 festinavit,
355 453 555 530 tempestate
565 436 716 519 turbida,
727 441 910 533 quomagis
918 443 1027 533 pietas
1036 448 1216 516 emineret:

161 551 309 645 adiitque
324 546 599 630 venerabundus,
617 572 657 615 ac
675 572 737 640 per
755 566 864 618 semet
877 552 912 618 in
930 576 1034 621 urnas
1052 555 1214 626 condidit.

161 669 230 731 Nec
238 664 370 730 minore
384 659 504 728 soena³
517 662 663 743 Ostiam,
679 659 819 752 praefixo
832 664 868 729 in
881 661 1019 732 biremis
1032 691 1151 760 puppe
1162 694 1217 738 re·

158 770 258 856 xiiio,
273 789 308 840 et
320 769 399 839 inde
414 775 556 836 Romam
567 769 681 837 Tiberi
695 771 892 855 subvectos,
908 798 968 866 per
983 775 1214 869 splendidissi.

156 908 252 952 mum
264 905 435 978 quemque
447 884 612 976 equestris
624 880 770 965 ordinis,
783 884 896 952 medio
908 909 948 952 ac
959 886 1129 982 nequenti
1140 889 1215 960 ⁴die

154 990 289 1060 duobus
305 989 443 1058 ferculis
463 988 639 1057 Mausoleo
658 990 793 1058 intulit:
812 992 1016 1090 inferiasque
1030 995 1083 1064 his
1098 1023 1214 1068 annua

154 1103 316 1195 religiose
325 1099 460 1193 publice
470 1102 633 1168 instituit:
648 1119 683 1169 et
695 1126 736 1169 eo
751 1103 897 1196 amplius
910 1110 1008 1174 matri
1018 1111 1211 1192 Circenses,

153 1211 455 1307 carpentumque⁵,
466 1235 536 1307 quo
545 1215 582 1279 in
591 1235 716 1305 pompa
726 1213 970 1284 traduceretur.
982 1223 1024 1286 At
1034 1220 1070 1285 in
1082 1243 1212 1288 memo·

151 1327 236 1392 riam
250 1325 356 1418 patris
365 1321 598 1415 Septembrem
610 1346 763 1391 mensem
776 1325 999 1393 Germaniam
1012 1328 1208 1422 appellavit.

151 1441 232 1506 Post
241 1436 315 1504 haec
325 1435 478 1502 lntouiae
487 1434 611 1516 aviaess,
623 1433 783 1529 quicquid
793 1460 946 1530 unquam
955 1440 1047 1507 Livia
1058 1446 1210 1533 Augusta

149 1547 321 1617 honorum
331 1547 493 1639 cepisset,
506 1569 576 1613 uno
588 1547 887 1616 Senatusconsulto
899 1552 1077 1641 congessit
1095 1557 1209 1621 Patru-

143 1685 210 1728 um
224 1656 423 1739 Claudium,
438 1660 596 1752 Equitem
611 1663 803 1727 Romanum
816 1659 861 1727 ad
878 1659 913 1728 id
929 1678 1082 1756 tempus,
1103 1665 1207 1734 colle·

148 1794 226 1864 gem
240 1769 304 1839 sibi
320 1772 358 1836 in
370 1767 552 1837 consulatu
567 1774 756 1838 assumsit7.
778 1778 930 1840 Fratrem
941 1773 1134 1842 Tiberium⁸
1150 1776 1207 1845 die

146 1882 252 1952 virilis
262 1899 350 1973 togae
361 1880 554 1974 adoptavit,
571 1881 822 1979 appellavitque
830 1888 1005 1980 principem
1009 1891 1203 1974 juventutis.

145 1999 197 2065 De
207 1993 399 2064 sororibus
411 2009 529 2061 auctor
538 1992 620 2074 fuit,
634 1994 840 2062 utomnibus
851 2001 1068 2066 sacramentis
1079 1998 1204 2092 adjice·

145 2123 254 2191 resur,
265 2109 414 2190 anun
426 2108 491 2173 un
503 2106 775 2190 sisnaosoun
785 2109 1204 2178 sinoscsnmnasns-

145 2352 352 2427 trisqueeiuerer.
368 2350 410 2401 Cf.
420 2348 510 2400 Tiber.
522 2348 571 2415 545
585 2351 660 2415 Dio,
696 2351 732 2402 cf.
745 2352 815 2424 Lips.
829 2350 865 2405 ad
873 2353 960 2404 Tacit.
973 2352 1069 2404 Annei.
1082 2355 1144 2420 ΧΠ,
1156 2355 1201 2422 da.

144 2430 258 2498 L1X,3.
277 2429 434 2480 accuratior
451 2429 537 2479 Dione
556 2428 652 2479 Sueto·
731 2431 757 2482 6.
777 2433 841 2485 Post
851 2430 906 2482 itoec
916 2431 1039 2483 Antonin
1050 2434 1133 2499 asia,
1149 2450 1200 2487 eto.

143 2512 205 2562 nius
211 2507 302 2559 matris
304 2505 521 2577 fratrisque,non
523 2505 652 2575 frutuem·
695 2509 762 2575 Dio,
774 2511 847 2576 LIX,
859 2510 891 2576 3,
903 2511 950 2561 ulii
961 2509 1021 2562 vide
1032 2509 1136 2564 Fabrie.
1149 2532 1202 2568 nn-

144 2606 207 2662 que,
222 2591 324 2640 cineres
335 2584 413 2648 dicit,
429 2602 542 2655 quorum
560 2583 606 2635 iila
623 2586 650 2636 in
694 2607 752 2642 mos
764 2605 980 2662 comparantem,
991 2591 1019 2642 in
1031 2590 1131 2662 quibus
1142 2598 1201 2648 An·

141 2667 229 2720 insula
248 2663 423 2730 Pandateria,
442 2662 486 2714 hic
505 2665 532 2715 in
552 2663 650 2715 Pontia
695 2671 768 2721 tonis
783 2669 907 2723 Sacerdos
920 2672 1032 2742 Augusti
1046 2671 1159 2740 dicitur,
1173 2689 1201 2727 et

141 2749 256 2820 perierat
272 2741 395 2818 (mallem
412 2743 483 2793 enirn
500 2739 525 2803 lt.
544 2741 560 2792 Ι.
574 2742 649 2794 Port-
693 2748 896 2819 inscriptionem
909 2749 981 2820 apud
994 2749 1155 2818 Gruterum,
1171 2771 1199 2824 p.

142 2829 206 2880 tiam
225 2845 286 2879 cum
303 2824 445 2875 Torrentio
464 2821 597 2887 scribere,
618 2836 649 2874 ut
693 2821 901 2893 ccxxxvl‚9.

140 2902 648 2979 Tihsr.54‚quoddnpliciformaidem
729 2919 753 2973 7.
774 2905 903 2956 Patruuru
915 2904 1085 2959 Claudiurn...
1097 2927 1200 2963 assum.

141 3001 234 3039 auctor
257 3004 321 3038 naus
347 3001 405 3035 este
428 3001 484 3033 non
505 2980 646 3054 ridetur),
691 2981 740 3042 sit,·
754 3001 815 3034 ann.
829 3000 890 3053 79⁰·
905 2984 985 3037 Conf.
999 2986 1067 3050 Dio,
1080 2988 1154 3053 ux,
1170 2989 1196 3042 6,

142 3084 223 3138 quam
235 3067 337 3117 Drusus
346 3065 436 3115 Rome
448 3062 476 3112 in
489 3061 591 3112 Palatio
602 3063 646 3114 in·
691 3059 721 3108 lu
732 3062 849 3130 equestri
858 3059 954 3113 ordine
963 3079 1125 3117 remanserat
1136 3066 1198 3121 huo

139 3147 267 3200 terfectns
283 3143 394 3208 fuisset,
412 3159 572 3214 quamquam
588 3160 646 3192 cre·
690 3155 793 3208 nsque,
812 3139 935 3210 legitimis
958 3140 1125 3209 honoribus,
1150 3148 1196 3217 qui

139 3227 221 3280 dibile
242 3240 302 3291 est,
325 3223 405 3294 hujus
426 3223 527 3275 cineres
549 3221 644 3275 eodem
690 3216 792 3269 aditum
806 3217 833 3268 in
845 3219 952 3270 Curiam
965 3217 1073 3286 darent,
1087 3240 1104 3274 a
1116 3223 1198 3277 Tibe·

138 3306 373 3361 cumillishonore
383 3303 642 3372 luisseconjunctos.
690 3298 730 3349 rio
744 3296 874 3350 exclusus.
890 3297 956 3352 Vide
968 3299 1063 3352 Claud.
1079 3302 1104 3356 5.

174 3386 199 3438 3.
207 3387 264 3439 Nec
271 3383 645 3452 miserescena‚specie,spe·
724 3379 750 3431 8.
770 3380 885 3430 Fratrem
898 3378 1049 3448 Tiberium,
1064 3397 1115 3436 etc.
1128 3384 1195 3453 Dio,

136 3462 261 3515 otaculo:
276 3459 349 3532 quod
365 3461 451 3529 ipsum
466 3457 579 3511 dicimus
593 3478 643 3512 nos
687 3456 762 3521 LIX,
775 3458 800 3510 8.
813 3458 928 3510 Fratrem
939 3459 1004 3510 dicit
1016 3460 1175 3531 patruelem.

135 3541 252 3616 etalaqe,
267 3538 395 3613 appareil.
721 3556 749 3608 9.
768 3537 808 3589 De
822 3537 960 3605 sororibus,
974 3553 1026 3591 etc.
1041 3543 1107 3609 Dio,
1119 3543 1194 3610 tax,

172 3621 198 3689 4.
215 3622 255 3674 Ae
261 3618 397 3691 frequenti
407 3616 459 3668 die.
470 3617 575 3670 Inutilis
585 3636 640 3670 mu·
685 3614 712 3667 3.
723 3618 803 3670 Recte
812 3616 927 3670 Cnsnub.
940 3637 972 3670 ex
984 3618 1079 3672 eodem
1090 3622 1193 3690 Dione,

133 3703 199 3754 tatio
210 3715 250 3754 est
262 3699 344 3771 Lipsii
356 3711 382 3750 et
392 3699 525 3749 Torrentii
531 3697 641 3768 seruen-
686 3715 745 3768 cap.
764 3714 797 3766 9,
820 3696 961 3749 lectionem
980 3702 1091 3766 asserit,
1103 3706 1192 3774 ‘quam

131 3784 152 3834 ti
157 3820 165 3846 ,
178 3780 352 3851 tautologiam
365 3779 445 3830 etiam
456 3778 560 3828 auctori
573 3778 638 3830 infe·
682 3776 764 3829 habet
776 3779 967 3845 Memmianus,
980 3795 1091 3846 ussaw,
1106 3798 1191 3852 quum

99 3897 103 3901 -
130 3878 191 3914 rens
204 3880 253 3933 pro
265 3861 396 3912 sententia
409 3858 472 3909 satis
484 3855 635 3909 commoda.
682 3855 727 3909 alii
737 3854 801 3909 dent
812 3872 902 3908 niteo.
916 3859 969 3909 Dio
979 3860 1068 3926 enim,
1078 3861 1192 3929 ηοῃμῆ.

165 3941 189 3993 5.
205 3943 431 4013 Carpeutumque,·
443 3951 555 3989 tensam.
568 3934 635 3988 Vide
681 3956 767 3989 metr.
775 3939 863 4008 Atque
873 3938 910 3990 ita
919 3952 1040 3990 suaserat
1045 3942 1104 4011 Jatu
1113 3942 1188 4013 Lipa.

127 4024 191 4075 Ces.
208 4021 250 4092 76.
269 4020 386 4071 Omnino
397 4018 432 4071 de
448 4035 497 4071 usn
513 4017 634 4088 carpenti
680 4014 715 4067 ad
724 4017 808 4067 Tacit.
821 4012 917 4070 Aneiai.
930 4016 987 4082 XV,
998 4015 1043 4087 67.
