2648 4800
234 383 279 446 28
609 382 646 445 C.
671 378 906 445 SFETONH

233 513 361 573 Verum
373 505 587 577 admonitus.
605 522 640 571 et
657 506 851 596 principum
865 520 901 568 et
914 525 1031 594 regum
1048 525 1084 570 se
1097 506 1278 571 excessisse

233 621 422 710 fastigium,
433 617 581 684 divinam
591 615 919 709 exeomajestatem⁵
930 638 1079 682 asserere
1090 614 1152 683 sibi
1163 619 1277 708 coepit;

233 729 381 823 datoque
406 729 559 817 negotio,
584 745 624 793 ut
645 727 824 795 simulacra
845 727 1043 807 numinum,
1067 723 1227 815 religione
1248 740 1281 790 et

233 859 307 906 ane
322 839 502 931 praeclara,
517 842 605 905 inter
620 864 698 933 quae
711 838 859 930 Olympii
874 834 1005 918 Jovis⁶‚
1022 852 1281 929 apportarentur

233 976 254 1017 e
263 954 411 1029 Gracia,
425 950 550 1044 quibus
563 954 672 1044 cupite
684 952 798 1019 demto
810 976 909 1018 sunm
929 953 1133 1043 imponeret,
1152 966 1282 1042 partem

236 1060 350 1127 Palatii
361 1061 406 1128 ad
421 1067 545 1127 Forum
558 1087 668 1156 usque
684 1064 870 1155 promovit,
886 1077 989 1154 atque
1003 1057 1076 1127 aede
1088 1061 1234 1127 Castoris
1250 1074 1283 1126 et

235 1170 380 1240 Pollucis
400 1176 435 1239 in
459 1174 665 1241 vestibulum
690 1175 964 1265 transfigar-aiat,
986 1173 1173 1239 consistens
1194 1193 1282 1262 saepe

235 1287 324 1349 inter
344 1283 465 1351 fratres
488 1289 576 1351 Deos
597 1283 768 1365 medius⁸,
793 1308 829 1350 se
851 1281 1063 1349 adorandum
1081 1278 1283 1347 adeuntibus

235 1393 432 1478 exhibeba13
449 1415 483 1463 et
501 1395 640 1491 qnidam
656 1421 735 1463 eum
755 1398 979 1462 Liuianum
995 1395 1158 1460 JOVEM⁹
1171 1413 1286 1458 consa·

236 1502 399 1572 lutarunt.
420 1507 602 1598 Templum
623 1510 724 1572 etiam
743 1506 875 1571 numini
894 1527 957 1570 suo
975 1504 1168 1594 proprium,
1190 1518 1226 1569 et
1237 1524 1286 1567 sa·

235 1615 407 1697 cardons,
421 1635 456 1683 et
473 1621 770 1710 excogitatissimas
789 1617 916 1684 hostias
933 1616 1086 1681 instituit.
1105 1619 1144 1680 ln
1162 1611 1287 1704 templo

237 1727 456 1794 simulacrum
475 1728 584 1795 stabat
603 1754 745 1795 aureum
765 1730 933 1794 iconicum
941 1736 982 1805 ¹⁰,
1002 1723 1288 1817 amiciebaturque

236 1837 387 1931 quotidie
396 1858 507 1915 veste,
520 1840 612 1933 quali
621 1843 694 1932 ipse
704 1858 869 1907 uteretur.
879 1840 1099 1931 Magistcria'¹
1112 1835 1289 1903 sacerdotii

237 2095 742 2170 dorem‚pompam,spparaturn.Vide
788 2096 980 2172 transfigurata.
994 2096 1071 2149 cont.
1081 2096 1147 2160 Dio,
1158 2092 1235 2157 ΠΧ,
1248 2093 1289 2146 28.

238 2194 298 2245 que
312 2173 411 2228 dehac
425 2196 491 2228 roce
503 2177 618 2230 diximus
630 2178 664 2230 ad
675 2178 741 2229 Ces.
788 2183 882 2233 Postea
893 2182 1005 2232 restitnit
1016 2179 1153 2229 Dioscuris
1163 2174 1291 2247 templum

239 2272 287 2322 ῃ,
301 2269 327 2305 et
339 2256 375 2306 cf.
388 2258 491 2307 Ernest.
504 2257 576 2309 Clas.
591 2260 677 2311 Cicer.
693 2257 743 2309 sub
787 2257 922 2311 Claudius.
944 2260 1045 2308 Auctor
1062 2254 1133 2307 idern
1147 2254 1218 2319 Dio,
1230 2254 1290 2317 Lx,

239 2353 297 2384 roc.
315 2338 417 2405 species.
439 2339 477 2387 De
495 2338 621 2407 principis
636 2341 744 2388 nomine
788 2339 814 2391 6.
831 2340 868 2390 Dc
880 2337 941 2390 loco
953 2340 1011 2408 ipso
1023 2351 1101 2407 atque
1108 2332 1166 2385 ade
1175 2334 1292 2386 Castoris

238 2412 298 2463 ride
312 2413 383 2481 lips.
397 2413 431 2464 ad
442 2417 526 2465 Tacit.
539 2416 635 2466 Atinal.
649 2420 675 2475 l,
692 2431 714 2465 ι.
789 2432 816 2468 et
826 2416 939 2468 Pollucis
952 2415 1011 2467 ride
1023 2413 1133 2466 Nardin.
1144 2412 1223 2464 Rom.
1234 2414 1291 2464 Vct.

275 2489 301 2541 5.
321 2490 486 2541 Divinam...
500 2496 676 2562 majestatem,
692 2506 744 2544 etc.
788 2498 833 2561 lv,
847 2498 862 2563 l
874 2494 968 2565 (Thes.
986 2496 1068 2547 ΟΜ.
1084 2507 1151 2545 tom.
1167 2493 1219 2560 IV,
1231 2510 1290 2564 pag

239 2570 304 2630 Dio,
316 2568 392 2629 LIX,
405 2569 421 2619 3
434 2583 461 2619 et
475 2570 522 2629 26,
537 2589 590 2641 quo
602 2574 704 2641 capite,
716 2585 745 2621 ut
793 2575 859 2642 til:
872 2573 954 2644 seg).

239 2659 266 2698 et
283 2646 333 2710 28,
352 2644 432 2715 plura
449 2645 483 2697 tle
501 2646 549 2698 bac
566 2653 623 2717 ejus
642 2651 745 2701 insania
826 2655 850 2706 8.
877 2652 987 2704 Medius.
1002 2649 1045 2702 ΔΙ.
1060 2648 1177 2700 medium
1191 2667 1218 2701 se
1232 2647 1292 2700 ado·

240 2737 392 2776 rtarrantur.
790 2734 976 2799 randnm‚etc.
988 2728 1061 2801 quod
1071 2744 1156 2781 servat
1167 2725 1291 2780 Oudend.

275 2804 301 2855 6.
312 2803 386 2856 Inter
394 2822 452 2874 quoe
461 2804 581 2877 Olympii
589 2808 674 2865 donis,¹
686 2805 746 2857 l‘bi·
825 2831 852 2882 9.
860 2811 990 2862 latiarem
996 2805 1292 2870 hiematurum,

240 2884 289 2936 tliae
301 2903 378 2955 opus.
393 2885 472 2936 Conf.
486 2889 552 2947 llio,
564 2888 635 2951 ΗΧ,
650 2890 692 2939 28.
708 2887 745 2937 Si·
790 2905 820 2943 ut
838 2909 898 2961 cap.
921 2890 967 2955 16,
986 2886 1103 2952 Palilia,
1123 2886 1166 2940 vel
1184 2885 1293 2938 Parilia.

241 2966 386 3018 mulacrum
398 2966 457 3017 loco
469 2970 568 3018 rnoreri
576 2987 632 3018 non
642 2970 746 3038 potuis·
791 2970 911 3037 Utraque
929 2969 999 3019 enim
1016 2968 1101 3017 forma
1120 2967 1149 3016 in
1165 2984 1217 3017 usu
1231 2974 1293 3015 erat.

241 3066 287 3109 se,
305 3044 414 3114 aliisque
428 3045 555 3117 prodigiis
568 3049 686 3098 territum
699 3065 744 3111 se,
790 3046 832 3097 Cl.
848 3049 914 3109 llio,
928 3046 1001 3110 th,
1017 3044 1059 3096 28.

242 3126 396 3175 Memmium
418 3125 566 3193 Regulum,
589 3129 632 3177 cni
654 3125 746 3177 datum
831 3140 870 3176 10.
889 3122 1130 3176 Simulacrum...
1149 3121 1295 3182 iconicum

241 3217 297 3253 crat
317 3203 515 3272 transponendi
535 3208 671 3274 negotium
681 3242 690 3268 ,
712 3203 746 3255 ad
792 3203 818 3253 id
826 3216 881 3267 est,
889 3200 962 3274 quod
972 3201 1083 3271 liguram
1092 3201 1145 3251 riri
1155 3213 1237 3270 atque
1247 3211 1297 3250 sta·

241 3283 333 3334 Caium
347 3282 483 3349 retulisse,
499 3299 588 3336 narrat
599 3284 747 3354 Josepbus,
792 3297 878 3335 turam
896 3280 1008 3353 (risina)
1026 3294 1117 3333 exacte
1131 3281 1296 3351 exprimeret.

243 3360 320 3423 m,
336 3378 344 3410 t
359 3381 366 3420 ;
380 3363 491 3412 l'ausan.
510 3376 614 3426 autem,
631 3365 683 3426 lx,
697 3380 746 3430 27,
792 3364 857 3415 vide
871 3363 1000 3414 llaulnin.
1017 3360 1051 3412 ad
1067 3361 1135 3413 Plin.
1151 3362 1219 3412 liist.
1235 3362 1297 3412 Nat.

242 3436 401 3507 Cupidinem
409 3442 488 3490 etiarn
493 3442 697 3513 'l’liespiensium
706 3462 748 3494 eo·
793 3446 916 3503 XXXIV,
926 3445 942 3510 4
952 3443 1016 3514 (9),
1027 3442 1073 3494 ubi
1083 3438 1184 3514 effigies
1193 3441 1300 3492 iconicoe

242 3519 302 3570 dem
315 3519 395 3570 inodo
408 3521 507 3571 nefarie
519 3543 532 3571 a
546 3524 610 3573 Caio
623 3536 749 3574 attrecta·
793 3536 893 3575 vocate
899 3522 1067 3582 dicuntur,in
1076 3519 1213 3591 quibusex
1222 3538 1301 3571 mem·

243 3597 367 3657 tum,sed
375 3594 429 3649 n0⁴n
438 3603 531 3669 majori
539 3604 749 3669 successu,ejus·
793 3601 848 3652 liris
864 3601 1001 3652 bominum
1018 3601 1136 3669 ipsorum
1153 3596 1300 3649 similitudo

244 3696 296 3747 que
315 3675 419 3727 sceleris
438 3690 523 3727 morte
542 3691 636 3747 postea
656 3695 748 3747 poenas
793 3691 861 3728 esset
884 3697 1015 3749 expressa.
1037 3678 1128 3741 Idem,
1148 3677 1266 3743 XXXV,
1284 3679 1300 3731 8

244 3773 319 3824 teque
337 3753 460 3817 dedisse,
481 3774 511 3806 ac
530 3757 664 3806 Neronem
678 3755 748 3806 idem
792 3753 876 3825 (34),
892 3757 1049 3820 Panaenum,
1064 3757 1172 3807 fratrem
1186 3755 1301 3821 Phidia,

244 3845 379 3885 conatum.
391 3830 646 3898 Simulacraautcm,
655 3852 750 3886 revera
796 3832 877 3903 praelii
891 3833 964 3903 apud
976 3832 1136 3887 Marathona
1149 3833 1234 3886 duces
1249 3835 1304 3887 ico·

243 3923 404 3982 apportata,
428 3913 482 3961 suis
505 3911 615 3962 urbibus
638 3914 750 3964 restituit
797 3913 865 3963 uicos
879 3915 994 3981 pinxisse
1006 3912 1080 3965 dicit.

245 3990 386 4052 Claudius,
398 4004 506 4040 auctore
519 3988 598 4041 Dion.
609 3990 668 4054 LX,
679 3990 706 4041 6.
836 4005 874 4038 ιι.
903 3990 1054 4062 Magisteria
1075 3992 1230 4057 sacerdotii,
1250 4005 1302 4043 etc.

282 4087 306 4137 7.
324 4072 427 4123 Partem
440 4068 748 4140 Palatii...atqueaede...
797 4071 916 4141 Magistri
930 4072 1080 4125 ..sacerdotii
1104 4072 1218 4143 alicujus
1241 4087 1307 4125 aunt
