2648 4800
455 387 712 453 cinisum.
1067 413 1110 479 29

54 517 245 584 ditissimus
263 515 425 608 quisque,
446 528 480 578 et
498 511 681 579 ambitione
700 528 734 578 et
751 511 930 580 licitatione
948 517 1111 594 maxima,

56 626 189 697 vicibus
207 623 460 718 comparabant.
479 627 606 691 Hostia>
620 641 718 691 erant
730 624 992 717 phoenicopteri,
1010 651 1113 719 pavo·

56 762 139 819 nes,
152 752 341 819 tetraonas,
354 732 560 817 Numidicae,
578 734 816 826 meleagrides,
834 735 1024 828 phasianae,
1037 760 1113 830 quas

55 851 247 942 generatim
267 870 330 941 per
350 845 501 937 singulos
519 843 592 912 dics
611 845 878 913 immolarentur.
899 852 940 914 Et
959 847 1115 914 noctibus

56 957 201 1055 quidem
212 957 349 1052 plenam
364 956 618 1051 fulgentemque
630 956 746 1023 lunam
759 958 919 1025 invitabat
935 957 1068 1026 assidue
1081 962 1114 1025 itt

58 1068 239 1163 amplexus
252 1086 356 1163 atque
375 1068 643 1135 ooncubitum¹²:
665 1068 810 1135 interdiu
830 1093 910 1137 vero
925 1093 1002 1137 cum
1020 1071 1116 1162 Capi·

59 1180 166 1251 tolino
177 1184 262 1249 Jove
273 1177 297 1219 ¹³
314 1198 444 1248 secreto
462 1180 688 1262 fabulabatur,
709 1178 810 1248 modo
827 1184 1062 1263 insusurrans,
1076 1206 1117 1248 ac

60 1291 219 1385 praebens
232 1293 377 1360 invicem
389 1316 525 1373 aurem,
543 1291 645 1359 modo
660 1291 803 1372 clarius,
818 1316 883 1360 nec
896 1295 968 1361 sine
983 1289 1114 1384 jurgiis.

60 1407 148 1471 Nam
160 1426 226 1470 vox
237 1403 474 1470 comminantis
488 1401 603 1469 audita
615 1420 683 1470 est:

357 1499 395 1575 νΗ
409 1515 435 1596 μ’
449 1518 556 1598 ἀνάειρ’,
572 1519 649 1594 ἦὶγω
661 1521 704 1576 σε’·
722 1507 747 1564 'l

58 1625 172 1711 donec
184 1641 366 1706 exoratus,
383 1640 422 1692 ut
439 1623 623 1706 referebat,
641 1643 675 1691 et
693 1628 728 1690 in
747 1625 1009 1693 contubernium
1029 1624 1118 1692 ultro

62 1739 243 1817 invitatae,
256 1760 359 1829 super
372 1734 536 1828 templum
548 1739 622 1803 Divi
636 1739 777 1835 Augusti
791 1753 893 1827 ponte
904 1739 1117 1817 transmisso,

63 1845 230 1915 Palatium
255 1843 524 1939 Capitoliumque
551 1841 737 1936 conjunxit.
768 1848 867 1927 Mox,
892 1869 960 1939 quo
982 1849 1120 1938 propior

63 1974 170 2039 esset,
187 1958 222 2022 in
234 1978 312 2023 area
323 1954 511 2047 Capitolina
526 1978 622 2022 novac
637 1955 758 2022 domus
773 1953 992 2022 fundamenta
1003 1954 1094 2048 jecit.

106 2074 235 2139 xx111.
260 2071 418 2161 Agrippae
433 2092 469 2136 sc
485 2071 660 2162 nepotem¹
678 2092 789 2163 neque
804 2068 914 2149 credi,
932 2092 1042 2163 neque
1055 2068 1120 2136 dici

63 2308 96 2370 ii,
109 2306 160 2377 qui
172 2307 290 2377 primum
300 2306 388 2358 locum
399 2320 490 2359 teuent
502 2310 571 2359 inter
616 2306 727 2373 xxvu,
737 2323 780 2370 ao,
789 2307 998 2376 prestantissimi
1007 2303 1122 2357 editores

64 2381 220 2438 sacerdotes
230 2386 288 2437 Deo
301 2386 416 2456 cuipiam
429 2404 571 2438 consecra·
617 2404 707 2438 omnes
735 2384 934 2451 exhibuerunt,
964 2387 1123 2437 auctoritate

63 2477 121 2526 tos;
133 2461 210 2515 unde
221 2464 397 2537 magisterium
408 2463 505 2517 dicitur
514 2467 571 2537 ipse
617 2467 728 2517 maxime
744 2465 858 2517 duorum
873 2465 1011 2531 locorum,
1028 2484 1122 2538 quam·

63 2542 142 2596 locus
159 2556 188 2596 at
203 2561 315 2604 munitet
334 2541 360 2595 b.
380 2541 398 2595 l.
417 2542 571 2615 pluraliter,
618 2564 696 2615 quam
717 2545 807 2616 paullo
827 2545 1007 2608 diversorum
1029 2547 1122 2597 Dionis

63 2627 126 2697 quia
139 2622 267 2697 pervices
278 2623 347 2691 obiri
360 2623 478 2690 solebat,
489 2645 572 2696 quum
618 2643 731 2696 nempe,
748 2644 808 2695 cap.
823 2627 872 2686 28,
886 2625 948 2691 ubi,
963 2626 1123 2679 fulminante

64 2706 154 2774 ipsum
171 2701 350 2754 sacerdotium
361 2716 516 2777 perpetuum
532 2724 574 2757 es-
618 2706 698 2769 Jove,
711 2724 792 2776 quum
805 2719 831 2756 et
843 2704 900 2776 ipse
909 2708 987 2758 Caius
1000 2704 1123 2758 machina

63 2797 112 2835 set.
127 2781 171 2834 cf.
184 2782 256 2852 Lips.
270 2780 305 2832 ad
319 2782 404 2834 Tacit.
417 2786 451 2836 Vl
459 2821 467 2850 ‚
483 2800 530 2851 12,
546 2798 573 2837 et
618 2781 733 2852 quadam
747 2797 842 2835 contra
851 2785 1030 2853 jacularetur,
1040 2785 1123 2836 excla-

63 2858 181 2912 Casaub.
192 2859 226 2911 sd
235 2859 379 2929 Capitolin.
390 2863 426 2912 M.
437 2864 536 2916 Aaron.
547 2883 571 2917 c.
618 2873 671 2910 mat
683 2879 714 2911 es
724 2862 855 2926 llornero,
864 2860 939 2914 llisd.
950 2863 1047 2927 xxm,
1057 2861 1124 2930 724,

63 2941 89 3008 4.
103 2942 145 2992 De
157 2941 266 3009 ingente
274 2944 405 3011 pecunia,
418 2960 497 3011 quam
508 2943 573 2995 dare
614 2936 644 2987 ’Ἠ
659 2936 687 3001 μ’
705 2935 804 3006 tvans,
818 2937 831 2990 i
843 2936 892 3004 ἅμ’
904 2938 947 3003 ri,
963 2954 988 2991 et
1001 2941 1122 3004 Senocae,

63 3016 235 3089 cogebantur
258 3036 308 3088 pro
335 3016 376 3069 his
399 3021 573 3089 magisteriis,
619 3014 1123 3086 dclra,l,cap.ult.,·Caiuansar,

63 3096 125 3149 vide
142 3097 224 3148 Dion.
240 3113 321 3168 supra
336 3098 381 3149 cit.
398 3109 424 3147 et
437 3095 531 3149 Claud.
546 3115 573 3168 9.
619 3097 701 3146 iratus
711 3096 789 3160 caelo,
801 3096 875 3168 quod
886 3096 1051 3168 obstreperet
1062 3117 1124 3169 pan·

105 3192 148 3228 ta.
162 3174 266 3227 Lunam
278 3174 433 3227 invitabat...
447 3174 504 3227 ist...
514 3195 574 3229 oon·
619 3174 748 3239 tomisnis,
765 3194 833 3246 quos
850 3176 1005 3228 imitabatur
1021 3177 1124 3229 studio-

64 3255 192 3309 abtum.
207 3255 249 3307 Cl.
262 3256 328 3319 Dio,
340 3254 413 3318 LIX,
428 3254 469 3306 26.
614 3255 674 3325 ,sius
688 3272 766 3324 quam
779 3256 931 3326 spectabat,
944 3256 1071 3329 quodque
1083 3277 1125 3310 co·

105 3334 148 3387 13.
170 3334 235 3386 urm
254 3334 402 3405 Capitolino
420 3334 504 3400 Jove,
524 3347 574 3385 etc.
620 3333 797 3383 messatiosua
807 3331 963 3385 fulminibus
971 3347 1124 3398 terreretur,

64 3413 108 3466 Cf.
125 3414 193 3474 Dio,
207 3430 267 3483 cap.
282 3412 325 3464 28.
619 3427 729 3481 prorsus
745 3429 838 3480 parum
852 3415 944 3478 certis,
958 3411 993 3464 sd
1007 3433 1124 3486 pugnam

106 3492 148 3560 td.
160 3494 234 3546 Nam
249 3510 328 3543 vox...
343 3488 433 3543 audito
447 3488 539 3544 εει-Ἠ
547 3490 576 3557 μ’
620 3490 838 3555 vomitionem,
849 3504 875 3542 et
884 3490 990 3562 quidem
998 3495 1054 3544 sine
1063 3496 1125 3545 mis·

66 3568 201 3642 sirisq',s'
216 3570 265 3638 ipsi
282 3560 318 3623 si.
347 3573 409 3623 Hac
428 3571 506 3623 verba
525 3590 574 3643 pro
619 3569 1124 3633 sione,llomericusnillumexclamans

35 3688 42 3696 .
66 3655 114 3717 iis,
128 3651 225 3725 quein
235 3649 365 3703 editiones
376 3650 455 3721 vulgo
468 3664 576 3721 recepta
620 3645 994 3713 vertum,'l·lpt'ts'sae‘.ttp',s's'pd
1003 3647 1122 3715 et',etc.s

67 3744 147 3797 sunt,
159 3728 283 3796 amato
295 3726 480 3799 Δινιὸνπιρέυ
493 3749 531 3791 os,
545 3748 576 3781 ex
657 3725 748 3775 XXIII·
773 3743 793 3775 t.
808 3727 971 3799 Agrippa...
987 3739 1125 3798 nepotem,-

68 3810 198 3882 optimis‚
214 3806 381 3880 quiquidem
397 3808 488 3860 Graecn
503 3807 577 3860 exhi·
621 3821 651 3853 ex
662 3816 744 3854 matre
754 3805 911 3874 Agrippina.
925 3807 1026 3857 Dicitur
1036 3821 1125 3858 autem

68 3888 150 3954 beat,
160 3884 246 3938 Codd.
257 3884 320 3938 huic
330 3884 391 3937 loco
400 3887 577 3952 restituenda,
620 3885 737 3955 Agrippa
747 3886 833 3937 Tacit.
844 3887 895 3951 Ι,3
901 3926 909 3953 ,
921 3888 1043 3962 ignobilis
1053 3887 1109 3940 loco
1115 3911 1124 3948 ‚·

69 3978 213 4037 postquam
227 3982 354 4016 censuere
365 3965 511 4031 Victorius,
524 3964 579 4016 Ca-·
620 3964 688 4016 Vell.
699 3967 739 4031 ll,
752 3965 800 4033 96,
813 3989 823 4010 u
834 3969 975 4020 novitatem
986 3968 1076 4019 multis
1086 3986 1125 4017 rr-

72 4046 157 4116 stiget,
168 4043 196 4093 in
207 4042 290 4094 Cicer.
300 4043 384 4114 Epist.
395 4041 429 4095 ad
438 4045 491 4095 an.
503 4043 576 4109 xvt,
621 4043 671 4096 bus
685 4045 860 4099 nobilitavisse
866 4085 875 4111 ,
887 4070 898 4093 s
915 4047 976 4099 coll.
990 4066 1048 4119 cop.
1067 4064 1123 4116 ¹²7·

71 4125 102 4191 6,
112 4137 139 4176 et
146 4122 267 4177 Turneb.
275 4121 383 4177 Advers.
391 4124 465 4177 xxu
474 4164 482 4193 ‚
491 4123 522 4177 31
532 4162 540 4191 ‚
550 4138 576 4176 et
622 4126 714 4177 Senes.
725 4126 851 4179 Contror.
865 4128 904 4193 ll,
914 4126 946 4193 l,
963 4126 1066 4178 u'lantn
1081 4145 1127 4180 au·
