2648 4800
333 366 592 432 cenicum.
900 357 913 380 ‘
948 371 990 457 45

112 515 186 573 um,
195 508 234 556 ut
245 522 258 550 «ι
270 489 397 558 nullius
408 494 549 582 ingenii,
560 493 777 586 minimaeque
786 491 963 583 doctrinae3
974 531 988 560 a

124 618 164 670 nt
190 600 398 668 «verbosum
423 604 460 668 in
482 600 641 685 historia,
664 601 959 701 negligentemque
974 640 989 669 ι

125 717 174 781 De
189 710 277 805 juris
291 735 426 806 quoque
449 711 631 795 consultis,
654 716 750 807 quasi
765 713 918 782 'scientiae
936 740 992 784 eo-

112 847 161 890 em
172 845 273 890 usum
285 821 489 903 aboliturus,
504 845 593 914 saepe
603 819 758 914 jactavit,
775 847 852 905 «se,
864 824 993 893 meher-

112 960 232 1017 urum,
243 959 285 1001 ne
295 936 354 1028 qui
364 933 570 1025 respondere
579 937 711 1026 possint
721 951 843 1026 praeter
852 934 930 1003 euin
938 937 961 1003 ⁵.
973 969 987 998 s

112 1099 114 1112 .
140 1030 263 1113 Vetera
274 1043 477 1112 familiarum
488 1034 633 1136 insifgnia
644 1045 853 1114 nobilissimo
867 1050 990 1142 cuique

112 1163 284 1253 Torquato
311 1173 486 1250 torquem3
512 1159 710 1224 Cincinnato
735 1161 988 1240 crinem¹;·Cn.

112 1297 113 1305 ¹
124 1273 237 1363 stirpis
247 1273 410 1363 antiquae,
422 1271 537 1360 Magni
546 1292 746 1362 cognomen.
759 1269 989 1354 Ptolemaeum,

112 1519 261 1589 respondere
268 1520 440 1591 possintproe·
483 1537 574 1582 mam,
589 1531 683 1570 contra
695 1531 755 1590 post
767 1536 873 1572 uxorem
886 1520 941 1591 q'ns
951 1539 991 1573 se·

112 1617 169 1649 sum
191 1602 329 1653 manifeste
349 1598 438 1651 verbis
484 1598 530 1666 qui
544 1596 990 1667 debebatnccepernt,·scdanctor,

112 1676 157 1739 ia,
174 1696 232 1747 quie
247 1680 310 1730 Cas.
329 1696 379 1748 77,
393 1678 438 1728 de-
484 1694 565 1746 quum
580 1675 707 1728 historice
718 1676 816 1728 addere
828 1696 884 1728 rem
893 1679 990 1749 coepis·

113 1759 192 1827 sjarn
209 1777 258 1830 pro
276 1757 372 1830 lenibus
389 1758 437 1809 lra-
483 1768 538 1821 set,
557 1754 647 1807 subito
664 1754 699 1806 ad
715 1753 812 1807 Vitellii
831 1759 990 1809 sententiam

112 1847 166 1900 rut,
178 1836 437 1907 quodconlirmatin
483 1832 597 1886 deflexit.
618 1835 772 1887 Graecorum
789 1837 919 1888 minorem
938 1835 990 1889 hac

112 1915 437 1983 mPhilo‚e(lidimrsscum
482 1914 509 1962 lu
530 1930 559 1963 re
576 1913 696 1981 dupisstm
713 1931 786 1978 esse,
805 1915 867 1966 satis
885 1928 989 1968 nolum·

112 1993 210 2046 ndend.
227 1997 318 2067 nequi
320 2036 366 2048 .....
378 2015 436 2066 ρος-
482 1990 606 2042 Ceterum
615 1991 927 2063 innumeraefucrebnjns
937 1992 990 2047 loci

116 2072 192 2143 qnid,
207 2087 257 2124 etc.
273 2074 354 2139 Quod
366 2076 435 2125 enim
482 2069 700 2139 emendationes,
723 2085 753 2123 ut
766 2085 866 2143 ‘praetcr
885 2092 990 2146 oeqnnm

149 2154 242 2222 possit,
252 2153 345 2204 eodem
357 2154 435 2207 redit.
482 2147 666 2219 (praecedente
679 2169 712 2200 nc
723 2150 791 2223 qnid
798 2152 823 2218 ),
833 2162 929 2223 preter
937 2153 990 2204 De-

112 2267 118 2292 ,
137 2229 173 2280 al.
195 2241 312 2300 possent:
335 2230 401 2280 illud
421 2250 437 2282 a
481 2245 526 2276 um
535 2264 544 2291 ,
554 2238 649 2295 prester
659 2247 754 2299 equum
765 2228 925 2300 (incitatum
938 2233 990 2284 sci-

112 2309 239 2375 herus-um,
255 2309 307 2361 hoc
325 2329 340 2361 a
354 2309 436 2361 verbo
481 2302 577 2374 licet),
588 2318 712 2377 preterea
721 2318 820 2370 {taceo
832 2308 910 2377 alias,
923 2329 989 2382 quas

112 2386 189 2441 leret,
201 2392 259 2440 Jam
270 2400 366 2461 proecer
376 2408 436 2441 eum
482 2382 561 2436 unius
575 2386 735 2439 aestimemus
750 2389 816 2440 assis
828 2408 836 2438 s
851 2388 885 2439 cf.
900 2392 986 2441 Burm.

112 2481 203 2540 preter
212 2488 251 2534 se,
265 2470 292 2520 in
306 2489 359 2540 quo
374 2471 437 2521 scri·
482 2478 508 2515 et
517 2463 642 2516 Oudeud.
654 2466 815 2537 despondere
824 2479 913 2517 autem
926 2487 989 2539 pro·

112 2565 134 2597 m
147 2547 259 2600 aliorum
272 2549 352 2599 verba
367 2549 437 2601 refe-
480 2545 537 2614 prie
550 2542 689 2608 dicuutur,
705 2547 750 2617 qui
765 2544 867 2597 consuli
884 2546 987 2613 solent,

119 2628 182 2678 satis
201 2629 318 2678 accurati
341 2630 436 2697 saepius
481 2622 989 2696 uudeadlrchnrisconsnltietrespon-

112 2717 185 2769 ntur,
214 2703 278 2755 dum
303 2724 332 2756 se
353 2707 436 2774 magis
481 2703 595 2773 sajnn's.
857 2722 860 2727 ’

112 2800 173 2833 uam
183 2800 257 2846 eum,
269 2782 366 2854 dequo
378 2801 437 2833 nar·
516 2782 624 2834 XXXV.
651 2798 674 2833 1.
695 2783 852 2836 Cincinnato
871 2785 989 2848 crinem,-

112 2874 166 2913 unt.
180 2863 220 2912 lta
229 2862 316 2914 Valer.
327 2865 436 2914 Maxim.
483 2878 565 2932 quum
580 2879 595 2912 a
612 2860 742 2915 cincinnis
757 2863 908 2915 Cincinnati
925 2860 989 2915 dicti

112 2955 124 2991 :.
142 2962 154 2986 s
163 2942 388 3012 percontabatur,
402 2961 437 2993 an
483 2941 544 2991 sint.
557 2939 611 2990 Liv.
624 2943 674 3006 lll,
692 2958 730 2992 12.

112 3042 182 3074 cuns
192 3025 246 3092 ejas
255 3034 436 3093 pervenerant,
520 3037 544 3071 2.
557 3021 602 3071 Cn.
614 3021 743 3092 Pompeio
750 3044 760 3083 ,·
771 3041 850 3094 quern
859 3040 988 3093 generum

112 3101 335 3174 ubiauctoraeque
344 3122 358 3153 a
368 3120 438 3172 qua·
482 3115 578 3172 postea
590 3100 710 3167 Claudii,
723 3118 749 3154 et
763 3102 904 3155 abeodem
918 3106 991 3156 occi·

112 3181 246 3232 .adsuam
259 3183 439 3232 narrationem
483 3199 562 3246 sum,
588 3193 678 3232 narrat
704 3181 868 3248 Suetonius,
894 3181 987 3235 Claud.

112 3282 145 3315 ue
168 3265 323 3315 Suetonium
344 3263 438 3315 fefellit
484 3278 542 3330 cap.
566 3276 597 3328 ²7
621 3272 648 3310 et
671 3277 712 3329 ²9·
736 3260 879 3312 Ademtum
900 3274 989 3313 sutem

112 3343 258 3394 effecturus
269 3356 338 3406 erat,
350 3343 438 3413 nequi
484 3356 634 3409 cognomen
652 3340 743 3409 Magni
757 3357 773 3389 a
786 3339 868 3404 Caio,
882 3341 991 3391 resina-¹

113 3434 222 3490 possent
236 3434 329 3491 praeter
344 3440 413 3472 eum.
424 3443 435 3465 s
485 3430 540 3468 turn
556 3436 570 3468 a
584 3415 715 3485 Claudio,
733 3416 824 3488 prodit
842 3418 907 3482 Dio,
927 3418 991 3487 Lx,

112 3501 188 3549 eron.
209 3500 259 3563 32,
283 3515 308 3550 et
327 3500 438 3570 Eutrop.
486 3497 510 3549 5.
525 3496 613 3547 Verba
627 3495 713 3567 stirpis
724 3498 840 3568 antique
852 3495 941 3547 addita
951 3497 992 3549 in·

112 3596 181 3648 [uum
197 3580 300 3630 tamise
314 3598 368 3630 non
383 3597 440 3630 esse
485 3589 615 3646 terpretes
633 3575 743 3644 dicunt,
763 3579 824 3648 quia
844 3576 920 3627 multi
937 3576 989 3628 ob·

112 3671 222 3730 propter
230 3677 289 3709 enm
301 3657 374 3709 civile
384 3657 448 3709 bel··
485 3675 567 3708 scurae
580 3659 706 3728 originis,
719 3669 749 3707 ut
759 3676 790 3708 ex
802 3655 903 3708 libertis
915 3658 996 3707 Pom·.

115 3751 249 3789 veretur.»
271 3740 355 3789 Tacit.
373 3739 439 3790 Hist.
485 3739 609 3808 peiorum
627 3738 698 3803 nati,
718 3737 874 3808 Pompeium
892 3755 991 3788 nomen

112 3816 214 3882 tellius,
232 3831 304 3867 metu
320 3831 346 3868 et
361 3815 441 3882 odio,
487 3818 624 3887 gerebant.
638 3817 766 3888 Equidem
781 3816 836 3868 bac
850 3816 905 3868 duo
917 3834 994 3866 voca·

112 3900 299 3963 iiam,uxorem
307 3900 443 3968 ejnsmox
487 3896 551 3947 bula
569 3896 685 3968 glossam
703 3909 768 3968 puto
787 3895 930 3948 verborum
944 3913 993 3946 no·

112 3976 444 4047 imatrimoniumnccepis·
490 3974 612 4026 bilissimo
632 3976 747 4048 cuique,
771 3972 859 4025 alieno
881 3971 941 4023 loco
965 3973 993 4024 in

112 4058 259 4128 *accepisset
269 4055 445 4106 conveniebat
489 4069 591 4106 textum
604 4069 747 4126 receptam.
