2648 4800
223 318 264 383 32
596 317 632 378 C.
658 314 893 379 SUETONll

223 443 337 509 uxoris
355 440 530 533 propalam
548 437 677 506 habuit.
699 439 866 508 Heredem
885 464 1023 534 quoque
1042 440 1210 510 bonorum
1230 461 1276 510 at·

221 580 288 649 que
308 555 439 646 imperii
459 576 548 643 aegcr
566 555 720 619 instituit.
742 551 868 620 Eadem
890 550 1088 634 defuncta&
1105 550 1275 646 justitium

221 663 356 731 indixit:
374 666 408 730 in
424 686 493 758 qno
503 664 636 743 risisse,
652 663 789 742 lavisse,
803 687 955 733 coenasse
969 688 1047 731 cum
1060 666 1275 756 parentibus,

221 792 281 843 aut
302 771 446 866 conjuge
469 773 643 871 liberisve‚
667 774 788 868 capital
811 774 905 842 fuitl.
931 781 977 842 Ac
997 778 1149 843 moeroris
1173 778 1278 869 impa-

222 886 348 967 tiens⁵,
374 909 482 980 quum
509 903 648 977 repente
674 902 845 980 noctuque
869 887 1071 980 profugisset
1095 887 1138 955 ab
1163 885 1276 968 Urbe,

222 999 589 1090 transcucurrissetque
609 999 846 1088 Campaniam,
869 1001 1050 1090 Syracusas
1070 999 1185 1089 petiit;
1202 1022 1278 1063 rur-

222 1133 348 1204 susque
369 1106 448 1177 inde
465 1132 611 1200 propere
628 1106 743 1186 rediit,
759 1108 865 1176 barba
886 1109 1076 1203 capilloque
1096 1111 1276 1200 promisso.

222 1223 293 1286 Nec
303 1243 454 1313 unquam
465 1235 583 1311 postea
595 1221 871 1314 quantiscunque
883 1219 925 1286 dc
938 1219 1057 1301 rebus,
1069 1244 1114 1286 ne
1126 1244 1190 1311 pro
1203 1244 1280 1288 con·

223 1331 318 1397 cione
330 1326 467 1423 quidem
479 1326 597 1419 populi
607 1379 616 1409 ,
628 1347 688 1394 aut
701 1326 794 1420 apud
805 1328 944 1411 milites,
963 1332 1026 1396 nisi
1047 1359 1061 1389 α
1074 1352 1135 1421 per
1150 1354 1278 1396 numen

223 1439 403 1509 Drusillae»
435 1435 629 1530 dejeravit⁶.
659 1438 820 1533 Reliquas
846 1464 980 1508 sorores
1005 1461 1069 1507 nec
1095 1438 1278 1532 cupiditate

223 1648 253 1698 L.
268 1648 373 1700 Cassius
386 1658 479 1717 postea
491 1646 558 1696 Asia
573 1647 728 1716 praefectus,
810 1648 835 1701 5.
859 1648 898 1700 Ac
916 1649 1031 1700 moerort’s
1050 1647 1207 1718 impatiens,
1228 1657 1276 1697 etc.

221 1730 297 1797 jussu
312 1728 369 1779 Caii
385 1728 412 1777 in
428 1723 539 1777 vinculis
554 1725 664 1776 Romam
679 1725 729 1776 de·
774 1725 866 1779 Senec.
879 1727 987 1780 Consul.
1002 1724 1036 1777 ad
1049 1724 1140 1798 Polyb.
1156 1743 1217 1796 cap.
1229 1723 1277 1776 36:

224 1804 336 1868 ductus,
346 1817 458 1855 mortem
470 1805 567 1854 evasit:
582 1803 647 1865 nio,
657 1803 729 1867 m,
778 1829 789 1852 ι
799 1807 829 1859 C.
837 1807 933 1871 (bear,
943 1805 1040 1856 amissa
1049 1820 1142 1854 sorore
1149 1800 1277 1857 Drusilla,

226 1902 276 1954 29,
292 1885 339 1937 ubi
352 1884 490 1955 scriptoria
504 1882 545 1934 vel
562 1882 654 1934 scriba
666 1885 729 1936 vitio
775 1887 798 1937 is
820 1884 921 1950 homo,
943 1885 989 1955 qui
1010 1902 1065 1934 non
1086 1883 1171 1951 magis
1189 1879 1280 1932 dolere

224 1964 731 2020 Cninsdicitur.Videlleirnar.adlrnnc
778 1963 981 2036 quamgaudere
990 1961 1172 2034 principaliter
1179 1975 1278 2031 posset,

226 2048 315 2100 locum
327 2058 389 2119 post
399 2043 546 2115 Glandorp.
558 2045 656 2096 Onom.
669 2063 730 2115 paq.
777 2054 950 2113 conspectum
959 2040 1242 2111 conversationemque
1248 2039 1279 2088 ci

228 2128 295 2193 205,
309 2142 336 2181 et
348 2128 468 2198 Lipsium
486 2125 519 2177 ad
534 2127 619 2176 Tacit.
634 2124 730 2177 Annal.
776 2124 848 2173 vium
861 2137 969 2172 suornm
985 2118 1120 2188 profugit,
1135 2118 1280 2186 exsequiis-

226 2211 276 2274 Vl,
289 2208 338 2274 15,
350 2206 531 2276 disputantem
547 2218 641 2256 contra
653 2209 732 2257 Pom·
778 2200 1058 2273 quesororissusrnon
1067 2196 1203 2262 interluit,
1210 2200 1280 2267 justa

226 2288 354 2360 ponium,
369 2285 488 2355 quicum
503 2283 531 2335 C.
546 2284 652 2349 Cassio,
665 2282 734 2334 cele·
779 2282 864 2334 sorori
873 2298 927 2333 non
938 2277 1070 2350 praestitit,
1082 2273 1165 2328 sedin
1176 2275 1279 2326 Albano

227 2368 268 2420 bri
278 2364 489 2438 jurisconsulto,
504 2377 624 2413 nostrum
637 2363 734 2412 confu-
778 2378 827 2411 suo
843 2360 947 2411 tesseris
963 2375 994 2409 ac
1011 2357 1088 2421 loro,
1108 2367 1134 2406 et
1150 2372 1280 2425 provoca·

228 2447 275 2498 dit.
287 2446 327 2497 Cf.
340 2444 439 2508 Ruta,
451 2442 585 2493 Dietionn.
597 2439 696 2491 Hister.
709 2449 735 2490 et
779 2440 811 2487 tis
823 2435 977 2506 hujusmodi
989 2434 1047 2487 aliis
1058 2432 1281 2505 occupationibus

230 2527 293 2580 crit.
308 2522 358 2575 sub
374 2521 472 2573 Cassius
486 2519 627 2592 Lcnpinas.
780 2513 943 2566 acerbissimi
956 2516 1056 2567 lunens
1067 2511 1172 2565 levabat
1183 2511 1280 2564 mala...

265 2606 290 2657 3.
309 2601 409 2655 Eadem
431 2599 570 2670 defuncta,
591 2610 642 2649 etc.
664 2599 732 2648 Ano.
778 2590 850 2642 ldem
866 2592 910 2643 ille
924 2593 1005 2646 Caius
1017 2593 1116 2645 luriosa
1129 2593 1282 2644 inconstan-

230 2702 290 2755 79¹·
304 2679 371 2732 Vide
383 2681 462 2731 Dion.
474 2678 545 2740 th,
562 2693 602 2740 rt,
612 2673 733 2725 decretos
779 2669 1282 2743 tia,modobarbamrapillumquesub·

230 2777 340 2816 mortuae
349 2780 364 2811 a
374 2760 454 2810 fratre
465 2755 580 2808 bonores
591 2755 648 2803 fuse
659 2771 735 2802 enar·
780 2750 899 2816 mittens,
909 2750 991 2802 morlo
999 2749 1281 2802 ltaliaeacSlciliaeoras

231 2857 341 2897 tantem.
780 2828 946 2881 errabundus
970 2830 1143 2900 permetiens,
1166 2843 1192 2880 et
1212 2846 1281 2879 nuu-

267 2924 292 2989 4.
308 2914 570 2990 capitalfitit.llnnr
583 2909 735 2961 Memmiani
780 2925 858 2978 quam
881 2912 942 2961 satis
963 2923 1066 2975 certus,
1087 2921 1177 2960 utrum
1198 2907 1282 2980 lugeri

231 2990 736 3072 etoptimorumCodd.lectionemcom·
780 2987 875 3054 vellet,
896 3008 930 3039 au
953 2989 1005 3040 coli
1030 3006 1159 3040 sororem.
1182 2986 1282 3040 Eodem

231 3079 379 3152 probarunt
388 3074 470 3125 urar.
480 3065 655 3134 Oudendorp.
665 3063 737 3113 ll'ol·
780 3068 848 3118 enim
858 3081 992 3138 tempore,
1004 3087 1058 3138 quo
1066 3065 1164 3136 templa
1172 3065 1210 3118 illi
1219 3086 1283 3118 con·

232 3145 735 3223 fius.Al.capitale.Deutraqueforma,
780 3146 906 3198 stituebat
926 3166 956 3198 ac
976 3147 1142 3220 pulvinaria,
1157 3165 1221 3214 eos,
1238 3148 1283 3217 qni

231 3240 267 3291 cf.
279 3225 502 3309 praterOudend.
511 3222 625 3276 adhunc
634 3222 735 3286 locum,
780 3244 872 3296 parum
883 3228 1093 3290 mosaicarum,
1103 3225 1284 3279 crudelissima

232 3311 376 3372 Taschucls.
389 3308 422 3362 ad
435 3304 548 3364 Melam,
561 3305 589 3365 Ι,
603 3319 633 3370 9,
646 3319 670 3370 7·
685 3301 736 3352 Cr-
780 3304 911 3355 afliciebat
923 3303 1161 3357 animadversione.
1173 3329 1184 3351 ι

233 3416 333 3462 (emm,
343 3390 480 3461 eleganter
489 3385 539 3436 Dio
550 3380 734 3433 conditionem
815 3382 840 3432 6.
861 3382 920 3433 Nisi
931 3401 980 3455 per
995 3402 1091 3434 numen
1103 3369 1227 3436 Dnlsitloe
1240 3385 1284 3436 de·

233 3480 338 3535 illorum
348 3482 495 3539 temporum
506 3462 599 3532 paucis
607 3460 734 3531 explicat:
775 3463 879 3532 jerauit.
893 3461 969 3532 Vulg.
984 3481 1092 3524 nomeu,
1106 3462 1153 3515 sed
1164 3462 1231 3515 illud
1243 3483 1284 3515 re·

236 3562 303 3615 alios
316 3556 387 3610 enim
400 3545 479 3599 tuisse
492 3553 646 3603 accusatos,
661 3539 736 3611 quod
780 3543 856 3593 etius.
874 3544 942 3594 Nam
960 3556 1135 3613 praeterquam
1153 3542 1228 3615 quod
1243 3542 1284 3596 di-

238 3660 296 3696 cam
319 3627 530 3697 accingerent,
551 3616 580 3673 als
601 3616 735 3686 drepana,
781 3621 846 3673 vinis
866 3640 924 3672 earn
944 3620 1043 3691 ubique
1064 3620 1213 3674 honoribus
1231 3622 1283 3675 coli

239 3734 320 3794 quum
329 3719 397 3763 esset
407 3702 505 3758 born0;
519 3696 601 3761 alios,
615 3697 686 3769 qnod
701 3698 737 3748 lu·
780 3697 860 3750 Caius
867 3700 962 3767 jussit,
974 3717 1005 3750 ac
1015 3701 1111 3750 Veneri
1123 3703 1283 3772 exaequavit,

237 3803 343 3870 bml’
361 3781 390 3836 sie
409 3773 470 3838 Osis,
491 3796 571 3849 quum
592 3791 659 3828 esset
678 3776 735 3829 dea.
783 3780 929 3832 Pantlream
949 3796 1070 3833 vocatam
1089 3780 1171 3833 fuisse
1195 3782 1285 3835 scribit

237 3866 338 3930 Deinde
348 3855 498 3929 exemplum
512 3856 634 3927 subjicit;
647 3859 738 3930 impie·
781 3862 846 3925 Dio,
856 3861 1067 3932 imperatumque
1077 3860 1244 3928 mulieribus,
1256 3875 1285 3913 ut

236 3952 296 4009 usis
305 3942 459 3999 arcessitum
469 3940 565 4004 luisse,
578 3951 604 3990 et
613 3941 737 4010 periisse,
782 3952 987 4010 eam,tanquam
995 3941 1127 3992 lunonem
1136 3939 1285 4005 scilicet,in

236 4029 281 4103 qni
291 4018 405 4077 calidam
417 4017 589 4070 vendidisset.
782 4031 917 4088 posterum
926 4021 1054 4088 jurarent.
