2648 4800
527 366 787 430 CALIGULA.
1141 368 1179 446 41
1205 357 1228 377 ”

128 495 195 560 niri
223 491 479 560 medicamentis
506 490 752 583 suspicabatur,
784 491 1027 574 «Antidotum,
1056 494 1182 585 inquit,

127 603 295 672 adversus
317 606 529 671 Gaesaremtn
554 602 720 694 Relegatis
744 602 957 685 sororibus³‚
980 628 1050 671 non
1074 602 1184 670 solum

128 713 261 782 insulas
273 712 398 782 habere
414 738 468 796 se,
487 712 546 780 sed
565 717 665 781 etiam
685 712 832 804 gladios,
848 713 1049 780 minabatur.
1063 718 1185 781 Praeto-

127 829 220 893 rium
229 827 342 893 virum
355 848 397 892 ex
409 848 544 893 secessu
554 827 740 917 Anticyrae,
754 848 857 919 quam
870 821 1071 891 valetudinis
1083 847 1185 890 causa

128 935 511 1029 petierat‚·propagaril
532 935 595 1002 sibi
612 952 840 1002 commeatum
855 937 977 1026 saepius
992 934 1184 1001 desideran-

130 1061 219 1127 tem,
239 1070 348 1139 quum
368 1044 562 1112 mandasset
582 1047 747 1126 interimi,
768 1043 911 1138 adjecit:
936 1047 1185 1113 «necessariam

130 1178 205 1223 esse
220 1157 395 1247 sanguinis
409 1157 622 1236 missionem,
641 1157 696 1222 cui
708 1172 778 1222 tarn
792 1154 853 1221 diu
867 1179 937 1222 non
952 1153 1128 1247 prodesset
1141 1153 1185 1221 el-

130 1264 299 1333 leborum.
313 1297 327 1326 a
347 1267 486 1333 Decimo
500 1288 636 1359 quoque
650 1264 723 1347 die,
738 1289 918 1332 numerum
935 1262 1185 1357 puniendorum

130 1400 170 1444 ex
183 1373 339 1445 crustodia
351 1375 608 1457 subscribeus⁵,
629 1377 830 1443 «Rationem
846 1400 881 1443 se
896 1397 1057 1468 purgare,
1069 1406 1083 1435 n
1101 1373 1185 1441 dice

129 1487 198 1555 bat.
213 1485 321 1555 Gallis
335 1482 528 1580 Graecisque
542 1485 673 1580 aliquot
686 1510 755 1553 uno
770 1503 923 1578 tempore
937 1482 1184 1560 condemnatis,

130 1597 351 1690 gloriabatur,
368 1597 648 1690 «Gallograeciam
661 1622 734 1666 sese
747 1599 929 1692 subegisse.
944 1630 957 1657 υ

178 1712 284 1775 XXX.
310 1714 386 1777 Non
396 1724 523 1776 temere
535 1712 570 1776 in
583 1733 807 1805 quemquam,
820 1713 883 1777 nisi
896 1708 1020 1778 crebris
1033 1725 1066 1774 ct
1077 1711 1184 1774 minu-

132 1823 176 1887 tis
188 1819 311 1887 ictibus
324 1819 545 1888 animadverti
559 1845 679 1914 passus
696 1838 762 1889 est:
776 1839 941 1915 perpetuo
956 1838 1105 1915 notoque
1115 1817 1186 1911 jam

132 1949 323 2025 praecepto,
339 1938 415 1999 alta
428 1933 507 2015 feri,
521 1949 559 1999 ut
571 1957 608 2000 se
619 1936 705 2000 mori
717 1936 850 2001 sentiat.
863 1966 876 1994 a
892 1936 1014 2001 Punito
1026 1955 1088 2025 per
1099 1954 1187 1997 erro·

132 2065 207 2108 rem
221 2044 367 2110 nominis
382 2041 464 2124 alio,
480 2067 584 2138 quam
598 2067 699 2136 quem
713 2042 958 2122 destinaverat,
975 2044 1088 2133 ipsum
1103 2062 1187 2133 quo·

131 2176 203 2247 que
212 2156 477 2246 pariamemisse
486 2152 579 2221 dixit.
591 2158 773 2245 Tragicum
783 2152 868 2220 illud
878 2151 1022 2220 subinde
1028 2147 1186 2242 jactabat,

134 2264 285 2348 Oderint,
302 2266 378 2330 dum
394 2276 566 2333 metucmv.
589 2270 684 2358 Saepe
702 2268 737 2332 iu
756 2281 893 2332 cunctos
912 2265 1038 2356 pariter
1056 2266 1190 2331 Senato-

133 2398 210 2457 res,
231 2390 268 2442 ut
286 2372 394 2468 Sejani
414 2377 570 2460 clientes,
586 2396 624 2445 ut
636 2380 753 2445 matris
770 2402 809 2444 ac
822 2376 964 2443 fratrum
981 2398 1121 2443 suorum
1132 2373 1187 2441 de·
1216 2396 1220 2405 ·

133 2483 301 2568 latores²,
316 2489 467 2555 invectus
484 2506 552 2572 est,
572 2486 711 2581 prolatis
732 2483 893 2570 libellis³,
915 2510 1002 2580 quos
1023 2501 1188 2552 crematos

134 2597 372 2684 simulaverat,
386 2600 591 2697 defensaque
603 2601 729 2669 Tiberii
743 2593 908 2682 soevitial',
923 2601 1020 2693 quasi
1036 2621 1190 2664 necessa·

173 2803 200 2855 3.
214 2803 556 2876 Tmcidatunoefratrem....
565 2805 643 2859 liele·
687 2836 722 2846 —
729 2806 865 2858 Rationem
875 2822 1000 2879 purqar05
1007 2802 1121 2867 Gallice,
1128 2821 1192 2872 apu-

133 2881 206 2955 qatis
218 2882 351 2935 sororibra.
365 2884 432 2936 Vide
444 2904 504 2956 cap.
517 2885 549 2938 23
560 2898 586 2937 et
597 2883 642 2950 24.
689 2903 729 2936 rer
741 2904 777 2937 ses
792 2896 913 2954 comptes.
933 2883 1106 2935 Atrocissirna
1122 2899 1193 2944 vox,

174 2976 199 3043 4.
221 2978 374 3049 Ρωραμή,
390 2977 469 3032 conf,
485 2979 518 3031 ad
530 2983 641 3051 August
690 2983 769 3035 quam
789 2965 908 3028 iteravit,
932 2964 954 3014 ti
977 2962 1047 3013 bene
1067 2961 1193 3041 memini,

138 3057 182 3109 ηδ.
206 3057 301 3109 Postea
323 3077 374 3129 pm
391 3059 520 3129 promet
540 3059 643 3111 ernest,
690 3043 753 3095 dum
777 3045 853 3095 annis
875 3041 973 3093 abhinc
997 3042 1103 3111 triginta
1125 3039 1194 3091 civili

136 3133 258 3207 postulat
266 3136 420 3208 profuisset,
433 3137 466 3188 de
477 3155 528 3208 qua
539 3158 566 3190 re
576 3138 645 3189 (15¹5.
691 3136 847 3194 tempestate
857 3121 941 3174 Gallia
953 3124 1113 3191 jactaretur,
1124 3138 1193 3172 unae

139 3232 199 3266 mun
210 3213 244 3265 ad
254 3233 313 3286 cap.
324 3216 349 3268 3.
365 3217 498 3287 Anticym
508 3230 596 3269 amem
606 3220 646 3268 in.
690 3223 721 3255 ex
738 3202 834 3254 horum
850 3219 999 3272 temporum
1015 3200 1195 3264 carnificibus,

139 3292 354 3345 tultelleborum
365 3296 527 3348 furiosorum
538 3294 645 3348 medelae
691 3299 759 3351 q¹¹⁰³
774 3300 827 3331 ¹¹⁰⁰
842 3279 940 3350 Pmluit
950 3278 1054 3348 ludicess
1068 3281 1165 3330 meari·

140 3372 304 3439 adhibitum,
315 3376 481 3427 notissimum
493 3375 535 3427 vel
548 3394 578 3427 ex
591 3377 645 3426 Ho·
727 3359 809 3410 xxx·
824 3376 845 3410 ¹·
859 3358 980 3422 0‘1275'1‘2
991 3356 1053 3406 dum
1065 3368 1193 3408 metuam·

141 3467 188 3505 rat.
202 3454 259 3504 Art.
272 3467 344 3524 poet.
355 3473 392 3506 vs.
404 3455 583 3519 (lom-tribus
592 3456 646 3506 An.
690 3436 790 3489 Tiberii
814 3435 913 3487 dictum
944 3434 1010 3486 illud
1039 3436 1127 3503 ipsum
1155 3448 1194 3486 est

143 3535 231 3605 ticyn'r
241 3549 324 3606 caput
334 3535 515 3602 insanabile„
531 3548 557 3588 et
568 3538 644 3590 Satir.
691 3517 764 3589 ³P¹¹⁴l
780 3517 912 3580 Cfflffifls
925 3529 981 3567 ¹¹0¹·
998 3513 1033 3566 ad
1047 3514 1136 3568 Tiber·
1151 3516 1193 3585 59·

144 3617 180 3679 ll,
194 3614 225 3679 3,
240 3614 293 3680 82,
729 3617 753 3650 a.
776 3598 811 3650 Ut
825 3594 1129 3662 matris....de1atores,
1142 3609 1193 3646 etc.

144 3701 346 3743 hadnoetellebon‘
353 3702 473 3758 multopm
480 3705 646 3756 mumanae
693 3676 770 3729 C00f·
786 3676 936 3740 Di⁰t1⁴lxt
951 3692 991 3726 ¹⁰·
1113 3738 1118 3743 .

146 3763 390 3822 Musaeque
398 3762 647 3807 ntioillisdeatiaetom-
727 3758 753 3809 3.
769 3754 883 3807 Prolatis
893 3753 1000 3818 libellis,
1012 3768 1062 3807 etc-
1073 3753 1140 3807 Vide
1150 3772 1194 3805 tu·

195 3838 244 3865 “¹²¹
690 3853 740 3906 pra
755 3833 788 3886 ad
803 3853 863 3906 cap.
881 3835 920 3886 15.

147 3907 221 3949 etvs·
234 3892 297 3960 ¹66,
312 3894 643 3965 maugarueyram..
685 3925 687 3931 ·
725 3913 750 3980 4.
778 3912 944 3984 refertaque
968 3911 1066 3963 Tiberii
1087 3909 1193 3962 savrra.

180 3990 204 4042 5.
223 3991 394 4044 Subscribens.
409 3990 509 4061 supra,
521 4009 581 4064 cap.
596 4007 643 4060 27,
688 3992 802 4044 siceum
815 3993 914 4062 pariter
925 3988 1047 4042 defendit
1060 3987 1131 4059 apud
1145 4005 1194 4039 not

150 4089 196 4121 ux
215 4072 300 4126 noxiis
319 4071 458 4125 laniandos
474 4073 640 4126 anrrotavim
690 4072 771 4123 mirus
792 4068 946 4122 dominandi
972 4068 1082 4132 artifex,
1106 4068 1197 4136 Napo-
